2059 3228
42 0 196 127 F„

55 127 75 147 ιη’

51 243 138 287 tissi)

46 308 263 345 auten-vetusti
296 309 451 353 privilegii
483 310 521 341 de
548 308 741 352 ricipiindis
772 314 804 339 ιι
833 317 896 339 uon

40 347 138 379 mmm*
154 361 382 404 consignandis
422 361 596 395 tmusmmti
636 361 826 394 facinorosis
866 366 896 393 et

42 385 52 401 Ι
75 384 139 402 “VO-

149 413 288 448 bannitis
320 421 373 448 aut
398 416 462 448 alio
495 425 701 458 ‹pioniunque
731 419 920 457 piaetextu

151 466 252 500 iuvari
277 469 386 512 possit.

196 521 212 564 ἓ
231 519 284 554 ’1-3.
322 521 434 554 Declar
437 529 524 554 uites

37 573 369 633 ‘yffi-vicariatus&
356 575 523 613 εξιιΙηψηίιι
547 575 639 607 feuda
660 574 786 616 aliaque
804 584 896 616 piac-

40 627 237 665 unividicta
255 628 316 661 sub
349 639 425 661 con
413 628 576 661 titutiiimi
604 627 679 660 dicti
714 627 758 659 Pii
790 627 897 665 Quinti

47 678 140 702 eompre-
152 681 419 727 praedecessoiis‚
438 692 534 724 super
550 679 898 713 liuiusmodidominiis

152 739 184 770 et
201 733 478 767 iuiisdictiombm
510 734 541 766 in
566 733 695 766 tendum
731 738 784 765 aut
820 733 898 766 alias

151 797 217 822 non
236 787 450 822 concedendis
469 787 565 827 edita,
588 786 720 819 minime
752 797 899 831 eompre-

151 841 262 875 hendi.

195 895 210 939 ἓ
230 894 284 928 14.
311 894 562 928 Communitates
577 904 665 934 vero,
681 903 809 927 necnon
825 894 897 926 uni-

133 949 315 983 ·versitates
347 948 492 982 omnium
525 947 702 987 civitatum,
739 953 898 980 terrarum

114 1016 140 1031 ·-
152 1008 183 1036 et
201 1003 349 1036 locorum
367 1002 473 1036 Status
484 1001 653 1045 praedicti,
667 1012 740 1034 cum
758 1001 899 1045 primum

125 1046 192 1090 ¹'de
211 1066 352 1096 accessu,
373 1055 508 1089 statione
529 1055 576 1087 vel
594 1055 730 1088 transitu
750 1055 899 1088 bannito-

151 1120 225 1142 rum
249 1114 280 1142 et
311 1109 450 1142 aliorum
484 1107 722 1152 praedictorum
753 1108 899 1141 notitiam

151 1163 334 1202 habuerint,
347 1162 371 1196 si
388 1162 493 1195 statim
514 1162 652 1206 populos
672 1172 746 1194 suos
761 1168 901 1195 armatos

152 1217 249 1261 pulsu
278 1226 510 1260 campanarum
545 1221 575 1247 et
606 1215 678 1247 aliis
706 1215 805 1258 signis
835 1226 901 1249 non

153 1270 410 1311 convocaverint,
447 1270 584 1312 illosque
609 1279 674 1302 non
695 1269 839 1312 ceperint
872 1274 903 1303 et

154 1329 220 1357 tute
243 1323 468 1364 custodierint,
483 1323 544 1363 vel,
572 1323 597 1356 si
617 1323 690 1356 illos
705 1334 820 1366 capere
837 1333 901 1356 non

155 1377 329 1422 potuerint,
360 1376 512 1410 finitimas
543 1387 688 1421 quasque
722 1378 903 1410 communi-

156 1436 234 1464 tates
265 1436 297 1464 et
329 1430 550 1464 universitates
574 1436 631 1464 aut
658 1431 808 1464 dominos
838 1441 902 1464 non

155 1483 473 1524 commonefecerim,
489 1484 537 1517 vel
557 1483 617 1528 ipsi
638 1489 692 1517 aut
720 1494 833 1517 eorum
850 1485 904 1518 ali-

155 1537 212 1581 qui
238 1536 310 1571 illos
341 1537 576 1581 receptaverint
602 1538 650 1570 vel
678 1538 901 1579 toleraverint,

157 1591 204 1624 vel
220 1591 314 1631 cibis,
336 1597 531 1631 commeatu,
549 1591 681 1632 auxilio,
705 1592 840 1625 consilio
856 1593 903 1625 vel

156 1644 275 1686 favore,
297 1650 352 1678 aut
371 1656 577 1689 quocumque
602 1645 664 1679 alio
685 1646 793 1687 modo,
807 1646 903 1679 etiam

158 1703 194 1732 ut
203 1699 350 1738 evadant,
373 1709 430 1742 per
446 1710 478 1732 se
498 1700 546 1732 vel
566 1699 646 1732 alios
666 1699 815 1740 iuverint,
833 1711 906 1734 cen-

157 1751 241 1785 suris
260 1757 291 1785 et
309 1752 423 1796 poenis
447 1753 597 1786 omnibus
616 1753 809 1798 supradictis
828 1765 906 1798 sup—

157 1805 319 1849 ponimus,
358 1816 535 1850 earumque
569 1806 664 1840 etiam
698 1818 749 1840 res
774 1813 804 1841 et
822 1807 908 1841 bona

157 1858 266 1892 omnia
303 1870 431 1893 necnon
460 1861 583 1894 fructus
621 1867 650 1894 et
688 1862 908 1895 emolumenta

158 1913 236 1945 iisco
255 1912 432 1956 praedicto,
453 1914 548 1946 modo
568 1919 599 1946 et
623 1914 725 1947 forma
750 1915 907 1958 praemis-

160 1965 214 2006 sis,
229 1966 438 2010 applicamus
457 1977 496 2000 eo
517 1967 597 2011 ipso.

204 2019 293 2063 515.
326 2020 362 2053 Et
395 2020 606 2054 nihilominus
627 2022 744 2056 dilecto
766 2022 833 2056 filio
858 2034 910 2056 ca-

44 2073 169 2123 aarum?
161 2073 301 2106 meraiio
325 2079 434 2107 nostro
454 2079 633 2119 ceterisque
664 2076 814 2109 omnibus
844 2076 908 2109 sin-

51 2131 90 2153 tu.
160 2126 310 2169 gularum
336 2127 516 2161 litteratum
538 2130 775 2173 praedictarum
797 2141 911 2163 execu-

54 2179 57 2183 ⁴
102 2172 106 2178 ’
161 2179 298 2220 toribus,
319 2185 350 2213 et
373 2187 539 2224 praeterea
563 2182 771 2224 gubernatori
803 2183 908 2220 tssrhis,

163 2243 200 2266 ac
219 2243 390 2266 causarum
413 2234 527 2268 Curiae
552 2235 703 2270 Gamerae
728 2238 912 2280 praedictae

162 2286 306 2329 generali
329 2287 467 2321 auditori
499 2300 557 2332 per
585 2290 760 2333 apostolica
794 2291 912 2334 scripta

163 2339 356 2373 mandamus
375 2341 565 2385 utquisque
591 2353 649 2386 pro
680 2354 712 2376 se
742 2344 781 2376 ad
807 2345 911 2376 omni-

165 2392 295 2442 modam
313 2392 442 2426 illarum
456 2399 486 2427 et
498 2396 716 2438 praesentium
729 2403 913 2430 nostrarum

165 2452 203 2475 ac
222 2452 432 2475 censurarum
454 2449 485 2476 et
506 2455 681 2487 poenarum
704 2448 849 2478 oninium
883 2447 914 2479 in

166 2490 212 2524 eis
224 2496 449 2524 contentarum
461 2493 680 2525 executionem
696 2495 828 2526 omnino
839 2505 915 2537 pro-

167 2539 330 2580 cedentes,
366 2540 483 2573 t'aciant
518 2541 586 2574 illas
618 2553 728 2574 munes
754 2548 782 2575 et
809 2543 839 2574 in
872 2544 916 2576 eis

204 2646 217 2672 1
234 2644 321 2673 Tomo
338 2652 390 2680 vit,
412 2654 471 2681 pag.
490 2647 551 2674 560.

752 256 832 278 ‘'REt.
838 254 928 278 ontt's
947 253 1001 276 tht
1024 252 1070 275 PP-

919 606 921 618 ι
939 570 1047 609 nibus,
1070 580 1152 613 quae
1172 569 1204 601 in
1230 569 1363 611 singulis
1384 569 1497 602 litteris
1518 569 1689 614 praedictis

919 624 1129 657 Leone-essum
1158 629 1204 656 est
1237 634 1302 656 non
1335 623 1472 665 obstare,
1508 623 1688 667 ceterisque

1581 236 1646 271 357
1705 243 1758 274 An.
1772 243 1804 274 C.
1820 243 1889 273 1580

940 316 996 347 pei·
1021 303 1129 335 omnia
1146 303 1216 335 loca
1237 302 1401 346 praedicta
1418 306 1448 336 et
1472 300 1512 335 ab
1537 300 1690 334 omnibus

918 358 998 404 sub
1019 357 1081 390 illis
1099 368 1211 400 compi
1214 357 1350 397 eliensis
1374 356 1460 389 iuxta
1489 354 1688 399 singularum

919 410 1061 443 litteiai
1065 421 1118 443 um
1140 409 1325 442 ewuumdem
1347 407 1576 442 continentiam
1596 413 1627 442 et
1641 413 1688 442 te-

919 470 1064 503 notem,
1088 463 1316 496 ἰηνίοΙἩὼίΙίιρι
1336 462 1509 496 observari.

558 522 704 559 ducatus,
741 520 895 559 dominia
919 552 920 555 ,

983 517 1070 560 glo.
1084 516 1152 549 Non
1163 516 1363 548 obstantibus
1375 515 1558 560 praemissis
1570 527 1607 549 ac
1619 526 1687 550 om·
1702 521 1884 580 dmsfitsgaen

939 677 1110 710 contrariis
1130 677 1402 720 quibuscumque.

983 730 997 774 ξ
1021 729 1074 763 17.
1098 730 1137 763 Ut
1156 736 1263 763 autem
1282 730 1599 773 praesenteslitterae
1616 741 1686 764 om·
1730 739 1803 761 Forma
1819 744 1840 762 ei
1853 740 1887 762 u-

939 784 1035 817 nibus
1046 784 1185 827 amplius
1195 784 1408 824 innotescant,
1422 790 1450 816 et
1465 795 1504 817 ne
1517 784 1685 829 quisquam
1701 773 1746 824 {2²¹⁸
1774 771 1888 798 'mmm‘

940 837 1068 870 illarum
1081 837 1281 880 ignoratione
1292 848 1324 870 se
1339 847 1490 871 excusare
1510 838 1620 880 possit,
1640 838 1688 870 iu-

940 891 1054 924 bemus
1086 891 1156 924 illas
1188 891 1284 923 valvis
1315 891 1471 923 ecclesiae
1498 891 1529 924 S.
1560 892 1688 924 Ioannis

941 945 1162 978 Lateranensis
1181 950 1211 978 et
1225 944 1376 977 basilicae
1386 944 1542 988 Principis
1557 945 1688 989 Aposto-

941 1003 1048 1036 lorum
1069 1003 1107 1036 de
1128 1003 1211 1036 Urbe
1231 1014 1268 1035 ac
1288 1003 1320 1035 in
1340 1002 1408 1035 acie
1437 1002 1548 1046 Campi
1578 1004 1689 1036 Florae

942 1061 981 1094 de
1001 1072 1090 1094 more
1111 1061 1260 1105 appendi,
1281 1060 1392 1104 eisque
1416 1060 1577 1101 detractis,
1608 1061 1690 1105 ipsa·

943 1130 1015 1152 rum
1036 1120 1194 1163 exempla,
1217 1118 1313 1152 etiam
1333 1119 1500 1163 impressa,
1523 1119 1641 1152 eisdem
1660 1120 1691 1152 in

942 1177 1021 1210 locis
1041 1178 1132 1209 affixa
1153 1176 1311 1219 relinqui:
1335 1177 1482 1220 factaque
1507 1177 1692 1210 huiusmodi

943 1235 1174 1280 publicatione,
1187 1235 1336 1268 volumus
1352 1235 1437 1279 ipsas
1448 1240 1632 1278 praesentes
1642 1235 1693 1269 hic

944 1294 975 1327 in
987 1293 1072 1326 Urbe
1083 1293 1273 1337 publicatas,
1288 1293 1339 1326 die
1350 1294 1510 1337 sequenti;
1523 1299 1609 1326 extra
1621 1305 1694 1327 vero

944 1363 1025 1392 eam,
1051 1356 1121 1395 post
1141 1351 1252 1384 decem
1273 1352 1353 1392 dies,
1376 1362 1599 1396 quoscumque
1620 1363 1693 1396 per-

945 1411 1018 1444 inde
1039 1415 1162 1443 arctare
1182 1415 1277 1452 atque
1302 1409 1451 1450 afficere,
1484 1414 1514 1442 et
1538 1411 1695 1443 contrafa-

946 1469 1067 1502 cientes
1086 1478 1206 1513 poenas
1226 1473 1257 1501 et
1276 1468 1338 1500 alia
1358 1468 1541 1512 supradicta
1562 1469 1694 1502 omnino

946 1528 1125 1568 incurrere,
1146 1537 1182 1560 ac
1202 1526 1227 1559 si
1248 1526 1293 1560 eis
1312 1527 1448 1570 singulis
1472 1527 1694 1571 praesentibus

946 1587 979 1620 in
1000 1585 1140 1630 propriis
1160 1596 1273 1619 eorum
1294 1585 1440 1629 personis
1465 1590 1496 1618 et
1519 1585 1599 1619 locis
1622 1585 1694 1618 inti-

947 1650 1050 1678 matae
1072 1644 1216 1677 fuissent.

992 1705 1006 1747 ἓ
1031 1702 1084 1737 18.
1112 1704 1247 1748 Insuper
1266 1703 1454 1736 earumdem
1475 1702 1693 1746 praesentium
1744 1713 1888 1740 Exemplorum

949 1762 1106 1806 exempla,
1123 1762 1219 1795 etiam
1236 1761 1403 1805 impressa,
1419 1761 1534 1794 notarii
1553 1761 1695 1804 pubblici
1711 1746 1768 1766 ΠΜ

949 1831 1044 1854 manu
1067 1826 1097 1854 et
1116 1820 1285 1854 camerarii
1313 1819 1466 1862 praedicti
1491 1819 1539 1851 vel
1565 1818 1697 1851 alterius

949 1889 1106 1923 personae
1144 1878 1177 1911 in
1202 1878 1354 1921 dignitate
1379 1876 1595 1910 ecclesiastica
1620 1887 1697 1909 con-

949 1937 1078 1970 stitutae
1091 1936 1194 1980 sigillo
1210 1936 1386 1979 obsignata,
1404 1936 1549 1969 eamdem
1566 1945 1698 1978 prorsus

951 1996 1045 2029 fidem
1066 1996 1354 2039 ubiqueloeorum,
1375 1994 1406 2026 in
1428 1993 1555 2026 iudiciis
1570 1998 1600 2026 et
1612 1999 1698 2026 extra

952 2055 1130 2093 illa‚facere
1150 2064 1232 2097 quae
1252 2053 1407 2096 ipsaemet
1423 2057 1604 2093 praesentes
1619 2052 1700 2085 sace-

952 2118 1034 2152 rent‚
1057 2112 1081 2145 si
1103 2112 1335 2145 exhiberentur
1353 2111 1401 2143 vel
1421 2109 1679 2144 ostenderentur.

995 2170 1079 2203 Nulli
1101 2180 1177 2209 ergo
1197 2174 1254 2202 etc.

996 2229 1108 2261 Datum
1136 2229 1254 2261 Itomae
1277 2227 1361 2271 apud
1384 2227 1415 2261 S.
1442 2227 1592 2268 Petrum,
1615 2238 1700 2262 anno

954 2286 1186 2319 incarnationis
1210 2285 1392 2319 dominicae
1413 2285 1586 2319 millesimo
1605 2285 1701 2329 quin-

954 2345 1131 2387 gentesimo
1146 2343 1378 2386 octuagesimo,
1401 2342 1515 2386 quinto
1535 2343 1700 2385 idusiulii,

935 2427 936 2431 ,
955 2402 1160 2445 pontificatus
1180 2401 1279 2434 nostri
1300 2411 1385 2434 anno
1404 2411 1446 2434 ix.

957 2470 984 2510 ἢ·
1008 2469 1074 2511 Ego
1108 2468 1289 2501 Gnssoomus
1325 2467 1507 2502 Catholicae
1540 2469 1704 2504 Ecclesiae

1002 2521 1172 2565 episcopus
1192 2521 1379 2565 subscripsi.

168 2593 319 2621 contenta
351 2599 576 2632 quaecumque
601 2601 728 2634 semper
747 2597 777 2623 et
797 2592 916 2635 ubique
936 2602 938 2618 ι
980 2588 1165 2632 Sequuntur
1182 2589 1402 2622 cardinalium
1418 2590 1678 2636 subscriptiones.

1016 2646 1076 2675 Dat.
1095 2646 1140 2676 die
1160 2647 1190 2676 11
1209 2647 1275 2677 iulii
1293 2647 1380 2685 1580,
1398 2649 1502 2688 pontif.
1519 2658 1596 2680 anno
1612 2658 1652 2679 ix.
