2059 3228
138 255 188 283 *Aa
211 252 236 277 C.
259 253 324 279 1375

137 704 189 722 C’w
210 703 250 721 t'ne
266 708 327 727 prae-

138 736 166 748 ειι
202 734 208 748 t
234 735 266 748 uu.

152 2333 269 2352 neci-etum
287 2331 317 2350 {r—

121 2361 201 2388 titana.

381 251 444 285 202

345 315 422 347 alios
446 320 507 346 tam
534 313 715 346 ordinarios
733 324 826 355 quam
846 312 1002 355 delegatos
1031 312 1061 344 iu
1091 312 1158 365 'xis

345 368 428 400 dices
454 367 485 398 in
510 367 613 397 causis
648 365 815 407 praedictis
847 365 1077 408 quomodolibet

339 430 394 461 pro
421 425 560 461 tempore
586 418 745 457 formatos,
763 418 840 450 latas
856 423 883 450 et
903 418 993 456 sacta,
1010 428 1078 449 cuni

338 472 410 503 indc
437 470 550 502 secutis
575 470 838 513 quibuscumque,
864 472 965 507 nulla,
991 470 1077 502 irrita

337 530 367 555 ct
392 523 510 563 inania,
531 523 711 566 nulliusque
735 524 859 557 roboris
877 525 923 557 vel
940 535 1078 556 momen-

338 577 359 608 ti
384 577 459 609 sore.

380 628 395 670 ἓ
418 627 448 661 9.
473 628 653 662 praesentes
677 629 797 662 litteras
829 629 887 661 sub
918 629 1078 672 quibusvis

337 682 601 723 revocationibus,
627 682 892 725 suspensionibus,
918 681 1077 714 limitatio-

335 736 427 768 nibus
468 746 522 768 seu
561 736 796 778 exceptionibus
835 735 985 767 similium
1031 735 1077 765 vel

336 788 537 821 dissimilium
563 788 750 831 gratiarum,
768 788 863 821 etiam
889 799 944 831 per
967 798 1024 819 nos
1047 792 1074 820 et

339 853 532 875 successores
568 847 690 874 nostros
725 842 882 874 Romanos
912 839 1077 873 Pontifices

335 896 382 928 vel
406 895 516 928 Sedem
542 895 751 938 Apostolicam
776 900 829 926 aut
852 894 919 926 eius
944 894 1076 935 legatos,

333 949 429 981 ctiam
468 948 674 981 Cancellariae
715 947 908 991 Apostolieae
953 946 1076 988 regulas

334 1013 391 1044 pro
417 1008 556 1044 tempore
582 1002 698 1041 saetas,
724 1001 901 1033 nullatcnus
932 1007 1072 1040 compre

334 1055 440 1093 bendi;
455 1055 507 1087 sed
526 1065 649 1096 semper
666 1054 778 1086 abillis
792 1059 945 1094 exceptas,
958 1057 986 1084 et
1001 1060 1076 1094 quo-

334 1108 391 1141 ties
415 1108 485 1140 illae
509 1107 712 1147 emanabunt,
731 1106 823 1138 toties
849 1105 880 1136 in
905 1104 1074 1148 pristinum

333 1167 449 1195 statum
476 1162 636 1194 restitutas
661 1171 728 1193 csse
753 1165 783 1192 et
806 1159 927 1192 censeri
953 1158 1074 1191 debere.

334 1225 457 1247 necnon
488 1226 541 1257 per
574 1224 789 1256 quascumque
819 1213 956 1251 litteras,
981 1211 1074 1244 ctiam

334 1267 461 1310 quasvis
485 1267 642 1299 clausulas
669 1267 830 1308 generales
855 1266 900 1298 vel
917 1265 1074 1307 speciales,

333 1321 428 1353 etiam
453 1319 730 1361 derogatorIarum
755 1318 982 1359 derogatorias,
1004 1318 1074 1350 irri-

332 1373 495 1415 tantiaque
513 1379 540 1405 et
560 1373 620 1404 alia
647 1373 782 1411 decreta,
801 1372 858 1403 sub
876 1382 1073 1414 quacumque

331 1426 500 1459 verborum
525 1424 733 1467 expressione,
760 1424 966 1463 continentes,
985 1424 1073 1456 dero-

331 1479 399 1521 gari
425 1488 524 1521 posse3
550 1483 580 1510 ct
604 1477 627 1509 si
657 1477 716 1509 illis
741 1478 803 1510 ulle
828 1487 979 1520 umquam
997 1482 1073 1510 tcm-

331 1543 406 1576 pore
431 1542 467 1564 ex
491 1531 621 1573 aliqua,
647 1531 740 1563 etiam
775 1529 988 1573 quamtumvis
1020 1539 1073 1561 ne-

329 1584 462 1618 cessaria
488 1589 515 1616 et
544 1583 670 1625 urgenti
697 1594 801 1622 causa,
828 1582 974 1625 derogari
999 1592 1072 1614 con-

328 1637 442 1680 tingat,
460 1636 520 1668 nisi
547 1642 637 1668 tenor
655 1636 838 1668 earumdem
857 1635 1070 1678 praesentium

327 1691 364 1723 de
381 1690 476 1723 verbo
494 1689 532 1722 ad
551 1689 690 1725 verbum,
708 1688 788 1720 nibil
806 1689 931 1732 penitus
945 1688 1070 1729 omisso,

326 1743 474 1781 insertus,
484 1747 514 1773 et
529 1742 711 1773 huiusmodi
727 1742 889 1783 derogatio
902 1752 960 1784 per
973 1742 1071 1774 trinas

327 1795 492 1827 distinctas
516 1794 635 1827 litteras
660 1794 804 1826 eumdem
831 1800 972 1827 tenorem
997 1804 1070 1826 con-

326 1848 474 1887 tinentes,
489 1848 589 1880 tribus
602 1847 761 1879 similibus
776 1847 931 1879 distinctis
942 1847 1069 1887 vicibus,

328 1901 651 1939 administratoribus,
678 1900 956 1943 gubernatoribus,
974 1900 1070 1942 depu-

328 1954 401 1987 tatis
425 1959 456 1986 et
479 1953 691 1986 confratribus
718 1954 899 1986 huiusmodi
924 1954 1070 1986 omnibus

326 2013 355 2040 et
381 2007 513 2050 singulis
538 2007 677 2050 legitime
703 2007 862 2039 insinuata
879 2013 909 2040 et
926 2007 1067 2040 intimata

328 2061 438 2101 suerit,
463 2071 637 2103 eorumque
661 2071 825 2103 expressus
849 2060 887 2092 ad
912 2059 943 2092 id
967 2071 1070 2093 acces-

327 2113 404 2146 serit
428 2124 594 2155 assensUS,
619 2113 855 2155 derogationem
889 2113 1066 2145 huiusmodi

328 2166 448 2198 nemini
473 2166 652 2208 suffragari,
669 2171 699 2199 et
722 2165 837 2198 nullius
861 2176 928 2198 esse
948 2166 1066 2198 robori>

328 2221 375 2252 vel
399 2220 562 2253 momenti.

370 2272 386 2314 ἓ
410 2272 459 2305 10.
487 2272 599 2315 Sicque
625 2283 681 2315 per
705 2282 920 2314 quoscumque
952 2272 1064 2305 iudice-

328 2326 436 2368 quavis
461 2325 648 2358 auctoritate
673 2325 848 2367 fungentes,
862 2324 956 2357 etiam
981 2325 1067 2358 audi—

326 2384 409 2412 tores
433 2384 461 2412 et
488 2379 663 2411 cardinales
681 2377 869 2421 praedictos,
887 2377 1008 2410 sublata
1024 2377 1068 2409 cis

325 2438 353 2465 et
380 2443 490 2465 eorum
514 2432 643 2464 cuilibet
667 2431 777 2474 quavis
801 2430 891 2464 aliter
908 2430 1066 2464 iudicandi

323 2491 355 2518 et
381 2485 610 2526 interpretandi
636 2485 781 2517 facultate
805 2489 835 2516 et
861 2484 1066 2525 auctoritate,

325 2537 459 2571 iudicari
485 2542 516 2569 ct
541 2537 666 2569 deliniri
691 2537 815 2575 debere;
840 2547 875 2569 ac
894 2536 1020 2569 irritum
1038 2543 1066 2570 et

325 2590 430 2631 inane,
447 2590 471 2623 si
490 2601 577 2624 secus
595 2601 688 2634 super
705 2589 754 2623 his
768 2599 784 2622 a
802 2599 974 2635 quoquam,
991 2599 1084 2638 qua-⁴

923 261 1105 285 BULLARIUM
1122 260 1275 285 ROMANUM

1182 313 1368 345 auctoritate
1387 341 1394 354 ‚
1419 314 1552 348 scienter
1577 315 1621 347 vel
1646 314 1853 358 ignoranter,

1112 365 1279 407 ·onti(erit
1304 367 1462 407 attentari,
1487 367 1695 400 decerminus.

1156 418 1170 460 g
1194 417 1245 450 ll.
1263 419 1328 451 Non
1347 418 1546 452 obstantibus
1560 420 1720 463 quibusvis
1733 419 1850 453 consti-

1112 470 1284 503 tutionibus
1308 476 1336 503 et
1361 471 1611 505 oidinationibus
1646 473 1848 515 apostolici83

1113 533 1234 555 necnon
1258 523 1405 556 basilicae
1444 524 1597 567 Principis
1636 526 1849 569 apostolorum

1109 575 1145 607 de
1173 575 1263 616 Urbe,
1287 586 1323 608 ac
1347 576 1558 617 ecclesiarum,
1573 579 1846 622 monasteriorum,

1111 627 1311 670 hospitalium
1335 634 1363 661 et
1401 629 1532 661 aliorum
1559 630 1680 673 piorum
1706 630 1847 666 locorum

1110 686 1137 713 et
1147 680 1310 722 Ordinum,
1324 682 1758 721 iuramento,confirmatione
1771 695 1846 729 apo-

1108 734 1214 766 stolica
1238 734 1284 766 vel
1308 735 1416 777 quavis
1442 735 1589 768 firmitate
1606 737 1662 768 alia
1683 738 1846 779 roboratis,

1108 786 1231 818 statutis
1243 792 1274 819 et
1286 788 1575 828 consuetudinibus;
1589 791 1761 833 privilegiis
1769 802 1848 835 quo-

1111 849 1181 880 que,
1208 839 1336 873 indultis
1352 847 1382 873 ct
1398 842 1509 875 litteris
1525 844 1713 886 apostolicis,
1727 844 1847 878 dilectis

1111 890 1182 923 filiis
1205 893 1320 934 populo
1344 893 1495 935 Romam,
1520 904 1643 927 necnon
1668 895 1847 939 iudicibus,

1106 943 1202 976 curiis
1225 949 1255 977 et
1279 945 1510 988 tribunalibus,
1542 958 1716 992 eorumque
1739 960 1848 993 perso-

1107 995 1155 1027 nis
1179 1006 1235 1038 per
1258 1008 1472 1043 quoscumque
1502 1001 1659 1035 Romanos
1682 1003 1847 1038 Pontifices

1111 1050 1368 1090 praedecessores
1392 1059 1515 1086 nostros
1537 1065 1573 1087 ac
1597 1065 1654 1087 nos
1677 1060 1708 1088 et
1731 1055 1847 1090 dictam

1108 1102 1229 1144 Sedem,
1254 1104 1348 1137 etiam
1373 1111 1463 1138 motu
1486 1111 1514 1139 et
1533 1107 1662 1141 seientia
1681 1108 1846 1149 similibus,

1106 1157 1270 1198 concessis,
1295 1159 1478 1202 approbatis
1506 1164 1534 1193 et
1564 1160 1720 1193 innovatis
1750 1161 1845 1194 etiam

1107 1209 1349 1251 disponentibus
1374 1211 1457 1253 quod
1481 1222 1593 1245 causae
1610 1213 1789 1246 huiusmodi
1808 1214 1846 1246 ad

1108 1263 1209 1295 t'orum
1236 1274 1289 1295 seu
1314 1263 1438 1296 Curiam
1463 1265 1667 1308 Capitolinam
1692 1267 1847 1300 reassumi

1107 1317 1252 1353 ‹l‹·beant;
1267 1317 1380 1360 quibus
1392 1318 1540 1351 omnibus
1552 1324 1583 1352 et
1595 1319 1736 1361 singulis,
1749 1321 1845 1352 etiam

1106 1370 1141 1405 si,
1169 1380 1225 1411 pro
1262 1369 1385 1402 illorum
1426 1370 1591 1404 sufficienti
1621 1372 1844 1414 derogatione,

1104 1423 1140 1453 ‹le
1159 1421 1217 1454 illis
1236 1422 1422 1466 illorumque
1439 1423 1512 1456 totis
1528 1425 1690 1457 tenoribus
1703 1426 1846 1469 specialis

1103 1476 1220 1508 mentio
1250 1476 1395 1510 habenda
1424 1483 1524 1518 esset,
1550 1477 1609 1511 illis
1632 1478 1708 1512 alias
1731 1478 1763 1511 in
1788 1491 1845 1513 suo

1103 1530 1215 1562 robore
1244 1530 1472 1572 permansuris,
1497 1531 1557 1564 hac
1579 1531 1646 1564 vice
1669 1531 1845 1574 dumtaxat,

1102 1583 1278 1626 specialiter
1313 1588 1343 1615 et
1371 1594 1514 1626 expresse
1538 1584 1748 1626 derogamus,
1772 1595 1846 1618 con-

1102 1636 1207 1670 trariis
1238 1636 1514 1679 quibuscumque;
1539 1647 1594 1669 seu
1625 1637 1649 1669 si
1677 1637 1846 1679 praedictis

1102 1690 1146 1722 vel
1160 1688 1322 1733 quibusvis
1335 1688 1413 1729 aliis,
1427 1688 1638 1721 communiter
1651 1690 1698 1721 vel
1710 1689 1844 1730 divisim,

1101 1741 1140 1773 ab
1164 1741 1274 1773 eadem
1299 1740 1337 1772 sit
1363 1740 1441 1773 Sede
1465 1741 1622 1773 indultum
1648 1742 1730 1784 quod
1748 1742 1845 1775 inter-

1100 1794 1174 1834 dici,
1187 1793 1335 1836 suspendi
1352 1794 1399 1826 vel
1415 1794 1681 1827 excommunicari
1698 1805 1762 1827 non
1774 1806 1846 1839 pos-

1101 1846 1162 1878 sint
1188 1856 1243 1888 pcr
1266 1845 1386 1878 litteras
1409 1846 1595 1889 apostolicas
1616 1858 1678 1880 non
1695 1847 1844 1882 facientes

1100 1899 1223 1941 plenam
1248 1904 1276 1931 et
1302 1909 1478 1942 expressam
1503 1910 1538 1932 ac
1562 1900 1600 1932 de
1613 1901 1707 1933 verbo
1723 1901 1762 1933 ad
1774 1911 1842 1934 ver-

1101 1952 1174 1984 bum
1200 1952 1237 1984 de
1262 1952 1382 1984 indulto
1399 1952 1578 1985 huiusmodi
1597 1954 1797 1996 mentionem,
1814 1961 1845 1988 et

1100 2003 1288 2046 quibuslibet
1307 2004 1374 2036 aliis
1390 2005 1562 2047 privilegiis
1578 2010 1606 2038 et
1624 2006 1753 2040 indultis
1765 2018 1840 2051 apo-

1100 2057 1225 2095 stolicis,
1251 2057 1451 2097 generalibus
1475 2057 1521 2090 vel
1544 2058 1740 2101 specialibus,
1764 2070 1842 2103 quo-

1101 2120 1309 2152 rumcumque
1335 2115 1479 2142 tenorum
1503 2111 1648 2152 existant,
1672 2122 1728 2155 per
1751 2123 1840 2156 quae,

1100 2162 1315 2205 precsentibus
1328 2173 1390 2194 non
1405 2173 1548 2205 expressa
1562 2169 1615 2196 aut
1628 2165 1766 2198 totaliter
1778 2175 1842 2198 non

1101 2217 1226 2255 inserta,
1250 2215 1483 2248 iurisdictiones
1508 2216 1663 2249 dictorum
1687 2222 1842 2260 protecto-

1101 2279 1169 2301 rum
1203 2267 1350 2311 impediri
1381 2268 1503 2301 valeant
1531 2269 1765 2311 quomodolibet
1793 2268 1843 2303 vel

1098 2322 1240 2362 differri,
1265 2327 1295 2354 et
1326 2321 1364 2354 de
1395 2321 1511 2364 quibus
1541 2332 1739 2366 quorumque
1768 2323 1841 2356 totis

1099 2374 1261 2408 tenoribus
1291 2374 1330 2407 de
1360 2374 1455 2407 verbo
1480 2374 1518 2407 ad
1542 2375 1672 2409 verbum
1696 2376 1841 2410 habenda

1097 2429 1135 2461 sit
1162 2429 1194 2460 in
1217 2426 1434 2470 praesentibus
1458 2427 1577 2460 mentio
1601 2427 1751 2471 specialis.

1141 2483 1155 2526 g
1193 2480 1246 2514 4⁶2.
1285 2481 1435 2513 Volumus
1478 2484 1583 2513 autem
1626 2479 1839 2523 praesentium

1099 2533 1324 2578 transumptis,
1349 2543 1446 2566 manu
1473 2533 1588 2566 notaiii
1617 2533 1733 2577 publici
1764 2533 1828 2566 sub

1097 2588 1238 2633 scriptis,
1263 2592 1292 2623 et
1323 2586 1425 2632 sigillo
1448 2591 1661 2633 protectorum
1684 2597 1738 2620 seu
1761 2587 1836 2622 alte-

1884 427 1999 450 mannum

1858 455 1991 485 rog-torino

1875 2489 1938 2510 Fides
1973 2476 2013 2519 ιᾴιι

1846 2517 1919 2567 pb'eisda
1928 2519 2020 2579 traua?
