2059 3228
23 261 45 288 ηζ
62 254 93 285 C.
111 251 177 287 mu

22 365 130 394 nep-em·
152 342 349 394 1’·εῑ“ιὶί<;ῑιιῡ
377 357 467 391 Sedis
495 356 606 399 legatis
625 360 655 387 et
688 352 825 391 nunciis,
862 350 934 383 ubi-

19 400 120 419 ,οιιοιιιιιι

31 428 115 450 allatu.

40 2273 150 2295 (zi-ueniae
161 2271 197 2293 ‹le-

40 2304 140 2330 galunae.

155 399 178 418 Οῑ

796 247 971 273 Gnnssonnts
994 247 1048 270 xm
1073 246 1119 269 Μ’,

234 307 321 348 ςωο.
348 306 382 337 ΡΛ
416 303 629 338 nihilominus
648 301 796 335 omnibus
819 298 935 332 nostris

191 424 329 457 cumque
350 410 569 449 existentibus,
591 420 627 442 ac
654 409 797 441 locorum
810 404 936 437 ordina-

190 467 256 507 riis,
276 475 401 498 necnon
421 464 549 497 Ordinis
574 461 705 506 praefati
733 463 934 492 conservato—

190 519 298 558 ribus,
333 518 477 562 ipsorum
505 515 639 559 singulis
670 523 728 557 per
763 510 935 554 apostolica

191 572 310 615 scripta
342 570 532 603 mandamus
565 572 721 611 quatenus
753 569 937 608 praesentes

192 624 312 658 litteras
335 629 366 657 et
400 623 431 655 in
451 623 497 655 cis
516 625 665 655 contenta
690 626 934 661 quaecumque,

191 677 298 710 ubi‘et
311 676 440 720 quando
461 686 542 719 opus
561 672 666 712 suerit,
686 682 722 704 ac
742 669 868 712 quoties
880 679 936 711 pro

190 735 282 774 parte
306 730 476 768 abbatum,
496 726 702 764 vicariorum,
737 723 937 755 visitatorum

192 788 224 816 et
241 782 379 816 aliorum
407 781 620 826 praefatorum
641 788 697 810 seu
727 776 864 809 alicuius
884 787 937 810 eo-

193 847 266 869 rum
285 835 424 879 desuper
439 832 556 867 fuerint
574 830 730 874 requisiti,
753 831 939 865 solemniter

194 888 410 933 publicantes,
432 886 571 931 ipsisque
590 883 728 917 efficacis
745 883 939 918 defensionis

194 942 355 986 praesidio
382 940 570 978 assistentes,
599 937 728 977 saciant,
749 943 939 971 auctoritate

195 1000 316 1035 nostra,
328 994 465 1032 abbates,
475 990 623 1030 vicarios,
636 990 812 1024 visitatores
821 996 852 1024 et
862 990 940 1024 alios

194 1048 364 1091 praefatos,
395 1043 651 1083 confirmatione,
685 1044 937 1087 approbatione,

194 1099 381 1139 adiectione,
406 1097 622 1142 suppletione,
645 1096 866 1137 concessione,
881 1104 942 1131 sta-

194 1158 274 1194 tuto,
291 1151 502 1191 ordinatione,
515 1150 732 1190 innovatione,
753 1157 940 1194 praecepto,

195 1204 372 1244 interdicto,
397 1203 618 1243 renovatione,
640 1202 826 1243 abolitione,
840 1214 876 1236 ac
893 1203 942 1236 sui

194 1257 348 1302 generalis
378 1257 562 1297 voluntate,
595 1256 770 1296 mandatis,
806 1257 943 1290 decretis

192 1310 308 1344 nostris
340 1309 476 1353 aliisque
506 1309 690 1353 praemissis
725 1310 860 1352 pacifice
879 1310 942 1343 frui

192 1370 224 1397 et
233 1363 384 1406 gaudere;
399 1374 437 1396 ac
448 1368 632 1406 praesentes
651 1362 773 1395 litteras
788 1363 827 1395 ab
841 1362 943 1395 omni-

191 1416 264 1457 bus,
284 1426 366 1459 quos
388 1415 462 1449 illae
481 1421 695 1455 concernunt,
719 1415 944 1448 inviolabiliter

193 1474 224 1502 ct
243 1469 431 1502 inconcusse
451 1469 632 1505 ohservari3
657 1478 723 1501 non
756 1468 944 1512 permitten-

193 1527 241 1556 tes
259 1521 400 1562 abbates,
421 1520 568 1561 vicarios,
588 1521 777 1562 visitatores,
800 1521 945 1565 superio-

193 1585 245 1610 res
263 1585 300 1608 ac
317 1575 396 1608 alios
420 1576 578 1618 praefatos
595 1575 738 1618 desuper
763 1580 876 1607 contra
895 1585 946 1608 ea-

193 1627 342 1662 rumdem
358 1628 575 1671 praesentium
596 1632 754 1668 tenorem,
765 1629 945 1672 quomodo-

194 1681 271 1715 libet
296 1681 436 1725 indebite
474 1681 657 1721 molestari3
693 1681 947 1715 contradictores

197 1733 356 1778 quoslibet
385 1739 417 1767 et
454 1734 590 1767 rebelles
630 1745 688 1776 per
716 1734 875 1777 praefatas
910 1745 947 1767 ac

198 1787 276 1820 alias
293 1787 478 1828 sententias,
507 1798 661 1821 censuras
681 1793 712 1820 et
732 1798 851 1831 poenas
870 1787 948 1820 alia-

200 1849 263 1883 que
273 1846 456 1884 opportuna
469 1841 549 1874 iuris
568 1846 599 1874 et
617 1841 692 1873 sacti
713 1840 869 1881 remedia,
891 1851 948 1884 ap-

200 1893 370 1936 pellatione
406 1894 598 1938 postposita,
629 1894 878 1938 compescend03
899 1905 948 1935 ac,

201 1945 349 1988 legitimis
366 1957 465 1991 super
482 1947 532 1980 his
551 1947 708 1980 habendis
729 1947 858 1980 servatis
877 1957 951 1990 pro-

204 1998 353 2040 cessibus,
375 2001 559 2041 sententias,
590 2011 743 2033 censuras
769 2005 800 2033 et
831 2010 952 2044 poenas

204 2050 289 2093 ipsas
314 2052 409 2086 etiam
429 2053 550 2086 iteratis
581 2054 703 2086 vicibus
732 2054 950 2096 aggravando,

205 2103 349 2138 invocato
367 2105 460 2139 etiam
480 2106 519 2139 ad
531 2107 604 2146 hoc,
623 2106 650 2140 si
665 2117 746 2150 opus
765 2106 872 2147 suerit,
896 2118 953 2139 au-

205 2156 282 2190 xilio
300 2158 423 2192 brachii
442 2160 626 2193 saecularis.

252 2209 346 2253 530.
380 2211 449 2244 Non
477 2213 676 2246 obstantibus
711 2212 896 2256 praemissis
926 2217 957 2245 et

208 2268 337 2296 sanctae
355 2265 529 2298 memoriae
547 2266 701 2299 Bonisacii
720 2266 823 2310 Papae
841 2265 954 2305 octavi,

210 2316 331 2360 pariter
359 2317 611 2359 praedecessoris
638 2319 752 2359 nostri,
775 2319 814 2351 de
834 2329 910 2359 una,
928 2324 959 2352 et

211 2369 244 2402 in
260 2369 397 2402 concilio
419 2371 559 2412 generali
584 2371 667 2404 edita
682 2372 721 2405 de
736 2372 861 2404 duabus
872 2372 958 2405 diac*

210 2421 264 2462 tis,
284 2422 420 2464 aliisque
439 2423 620 2466 apostolicis
638 2435 675 2457 ac
695 2424 727 2456 in
754 2424 960 2468 provinciali-

211 2470 272 2503 bus
286 2475 314 2503 et
342 2470 548 2514 synodalibus
567 2472 711 2505 conciliis
740 2473 842 2513 editis,
863 2483 961 2515 gene-

213 2519 336 2553 ralibus
346 2520 393 2552 vel
413 2519 616 2562 specialibus,
638 2521 921 2554 constitutionibus
933 2526 963 2553 et

215 2567 482 2607 ordinationibus,
504 2578 631 2601 necnon
647 2569 852 2612 quibuslibet,
868 2569 962 2602 etiam

215 2616 408 2657 iuramento,
437 2617 682 2650 confirmatione
710 2618 885 2661 apostolica
919 2618 964 2651 vel

295 2665 369 2695 Bau.
390 2665 468 2696 Rom.
489 2665 543 2695 Vol.
565 2665 636 2696 VIII.
795 2666 829 2695 11

1640 232 1676 265 81
1741 231 1788 255 Αιι.
1809 224 1837 254 c.
1858 224 1922 254 tim

975 296 1086 340 quavis
1114 297 1238 329 firmate
1268 296 1329 329 alia
1361 293 1531 334 roboratis,
1553 293 1677 326 statutis
1697 296 1728 324 et

976 349 1277 388 consuetudinilms,
1300 347 1581 386 declarationibus,
1612 344 1729 378 inhibi-

977 402 1117 435 tionibus
1137 407 1167 435 et
1195 402 1351 440 decretis;
1375 400 1546 444 privilegiis
1578 408 1726 442 quoque,

977 455 1108 488 indultis
1120 460 1149 487 cl,
1161 454 1281 506 litteris¹
1294 454 1489 497 apostolicis,
1511 452 1632 495 legatis,
1647 462 1730 483 nun-

977 508 1033 541 ciis
1053 514 1084 541 ct
1098 507 1268 540 ordinariis
1289 507 1438 550 prat-satis
1454 517 1490 539 ac
1505 506 1575 539 aliis
1594 505 1728 548 quibus-

976 562 1021 593 vis
1042 561 1198 605 personis,
1213 561 1272 593 sub
1288 560 1547 603 quibuscumque
1564 557 1730 591 tenoribus

978 620 1008 648 ct
1022 615 1146 654 formis,
1168 625 1204 647 ac
1224 625 1298 646 cum
1319 613 1501 657 quibusvis,
1523 612 1617 645 etiam
1638 611 1731 644 dero-

978 668 1174 711 gatoriarum
1208 667 1428 709 derogatoriis,
1463 667 1596 710 aliisque
1622 666 1729 698 effica-

978 721 1122 754 cioribus
1154 727 1184 754 et
1218 720 1355 754 insolitis
1382 721 1545 760 clausulis,
1575 722 1730 754 irritanti-

979 774 1103 817 busque
1123 780 1154 807 et
1180 773 1249 807 aliis
1276 773 1423 813 decretis,
1447 774 1610 815 ingemere
1630 776 1676 808 vel
1698 774 1728 806 in

979 827 1098 870 specie,
1116 827 1211 859 ctiam
1228 832 1315 859 motu
1332 826 1440 865 simili,
1457 826 1552 859 etiam
1574 828 1730 860 consisto-

980 880 1101 913 rialiter
1120 886 1175 912 aut
1202 879 1280 912 alias
1300 879 1543 921 quomodolibet
1556 881 1727 920 concessis,

980 944 1016 966 ac
1032 933 1128 966 etiam
1148 933 1268 965 iteratis
1286 932 1409 965 vicibus
1428 933 1612 976 approbatis
1637 940 1664 965 ot
1683 935 1730 965 in-

980 986 1113 1025 novatis,
1148 986 1267 1029 quibus
1305 985 1474 1025 omnibus,
1506 985 1649 1025 etiamsi,
1673 998 1730 1030 pro

982 1040 1113 1072 illorum
1149 1039 1322 1072 sufficienti
1342 1039 1563 1081 derogatione,
1593 1040 1631 1072 dc
1671 1040 1731 1072 illis

982 1103 1161 1136 corumque
1181 1092 1255 1125 totis
1275 1092 1441 1124 tenoribus
1461 1092 1622 1136 specialis,
1658 1104 1730 1136 spe—

982 1146 1086 1187 cifica,
1109 1157 1269 1190 expressa,
1288 1145 1451 1178 individua
1468 1156 1503 1178 ac
1523 1146 1562 1178 dc
1577 1145 1673 1178 verbo
1691 1146 1730 1178 ad

982 1200 1127 1239 verbum,
1159 1210 1223 1232 non
1243 1205 1351 1232 autem
1372 1210 1430 1242 per
1450 1199 1611 1232 clausulas
1636 1210 1732 1241 gene-

982 1253 1065 1285 rales
1086 1252 1170 1285 idem
1188 1252 1411 1295 imponantes,
1434 1249 1554 1285 mentio
1575 1262 1631 1285 seu
1647 1263 1733 1295 qna}-

982 1306 1027 1339 vis
1047 1306 1107 1339 alia
1118 1307 1277 1350 expressio
1298 1305 1461 1345 habenda,
1477 1310 1531 1338 aut
1549 1306 1656 1348 aliqua
1671 1306 1732 1338 alia

984 1359 1139 1403 exquisita
1169 1360 1272 1392 forma
1304 1359 1344 1392 ad
1372 1359 1434 1392 hoc
1464 1360 1616 1392 servanda
1634 1360 1731 1400 -soret,

985 1414 1115 1446 illorum
1135 1413 1276 1446 veriores
1294 1418 1435 1453 tenores,
1448 1413 1577 1453 formas,
1599 1413 1686 1446 datas
1702 1417 1733 1446 et

985 1466 1114 1499 decreta
1133 1466 1165 1498 in
1186 1466 1231 1499 eis
1250 1465 1406 1510 apposita,
1423 1477 1460 1498 ac
1481 1466 1505 1498 si
1525 1466 1563 1499 de
1583 1467 1677 1499 verbo
1693 1467 1731 1499 ad

984 1520 1130 1560 verbum,
1152 1519 1234 1552 nihil
1263 1519 1391 1564 penitus
1419 1519 1550 1560 omisso,
1582 1525 1611 1552 et
1630 1520 1731 1552 forma

986 1574 1018 1605 in
1042 1573 1105 1606 illis
1134 1573 1249 1605 tradita
1275 1573 1450 1613 observata,
1484 1568 1595 1606 inserti
1614 1574 1730 1611 forent,

987 1626 1208 1670 praesentibus
1222 1637 1281 1669 pro
1297 1626 1494 1659 sufficienter
1513 1627 1668 1670 expressis
1679 1627 1733 1658 ba-

987 1680 1109 1719 bentes,
1136 1679 1199 1712 illis
1215 1679 1294 1712 alias
1313 1679 1347 1712 in
1366 1689 1424 1712 suo
1452 1679 1568 1712 robore
1586 1690 1733 1722 perman-

988 1733 1081 1773 suris,
1109 1733 1169 1766 hac
1203 1733 1269 1766 vice
1299 1732 1473 1772 dumtaxat,
1504 1733 1685 1775 specialiter
1705 1738 1734 1765 et

989 1796 1136 1829 expresse
1155 1786 1359 1829 derogamus,
1381 1789 1411 1818 et
1430 1786 1625 1818 sufficienter
1639 1787 1734 1818 dero-

989 1843 1098 1880 gatum
1127 1849 1195 1871 esse
1223 1838 1446 1878 decernimus;
1473 1849 1599 1871 necnon
1633 1838 1734 1870 onmi-

990 1891 1051 1924 bus
1076 1890 1150 1931 illis,
1171 1902 1253 1935 quae
1273 1891 1305 1924 in
1325 1891 1438 1924 litteris
1464 1891 1511 1924 Pii
1531 1892 1566 1924 tv
1595 1897 1625 1923 et
1644 1891 1689 1923 Pii
1714 1891 1735 1921 V

991 1955 1028 1977 ac
1049 1945 1188 1977 aliorum
1207 1944 1493 1988 praedecessorum
1520 1944 1736 1987 praefatorum

993 2009 1176 2041 expressum
1211 1998 1271 2030 fuit
1300 2008 1365 2030 non
1398 1997 1542 2037 obstare,
1570 1997 1740 2030 contrariis

994 2050 1264 2093 quibuscumque,
1274 2055 1329 2082 aut
1340 2050 1364 2082 si
1373 2049 1544 2093 aliquibus,
1558 2050 1739 2082 communi-

995 2110 1042 2136 ter
1059 2104 1106 2136 vel
1127 2103 1262 2144 dix-isim,
1284 2102 1323 2135 ab
1343 2103 1454 2136 eadem
1474 2103 1514 2135 sit
1533 2103 1613 2136 Sede
1633 2104 1740 2136 indul-

996 2164 1063 2190 tum
1081 2158 1168 2200 quod
1187 2157 1345 2197 interdici,
1366 2156 1515 2201 suspendi
1546 2157 1593 2189 vel
1613 2167 1741 2190 excom-

997 2211 1155 2243 municari
1168 2221 1231 2243 non
1240 2210 1361 2254 possint
1374 2220 1433 2254 per
1451 2209 1572 2242 litteras
1594 2210 1743 2254 apostoli-

999 2276 1051 2297 cas
1070 2275 1134 2297 non
1155 2264 1305 2297 facientes
1317 2264 1444 2307 plenam
1465 2269 1496 2296 et
1515 2274 1694 2307 expressam
1707 2274 1744 2295 ac

999 2319 1038 2351 de
1050 2318 1146 2351 verbo
1164 2317 1203 2350 ad
1223 2317 1353 2350 verbum
1372 2316 1410 2349 de
1424 2316 1548 2349 indulto
1560 2316 1746 2350 huiusmodi

1000 2371 1194 2404 mentionem
1615 2405 1618 2408 Δ

1045 2421 1060 2463 ἓ
1080 2420 1134 2453 31.
1152 2419 1313 2459 Ceterum,
1335 2418 1410 2461 quia
1432 2418 1561 2452 difficile
1581 2420 1662 2452 foret
1677 2430 1748 2453 eas·
1802 2427 1861 2452 *raes
1877 2428 1946 2450 ‹itm-2

1002 2471 1076 2503 dem
1097 2474 1281 2513 praesentes
1314 2469 1352 2500 ad
1382 2468 1504 2501 diversa
1523 2468 1594 2502 loca
1622 2464 1948 2516 p1·ox2in⁴{;}⁰{fl{¹1¹a¹'0¹¹⁵²¹‘³

1004 2519 1132 2562 ciasque
1164 2517 1392 2557 circumferre,
1422 2518 1571 2550 volumus
1603 2523 1634 2550 et
1665 2518 1750 2551 dicta

1004 2567 1193 2601 auctoritate
1207 2566 1411 2599 decernimus
1422 2566 1508 2609 quod
1520 2565 1649 2599 illarum
1664 2572 1751 2600 tran-

1005 2616 1141 2659 sumptis
1150 2626 1205 2649 seu
1215 2615 1381 2658 exemplis,
1393 2615 1487 2648 etiam
1495 2615 1605 2649 formis
1614 2615 1749 2660 impresa
