2059 3228
75 211 80 219 ’
99 208 143 249 '‘'G-
158 209 227 248 t586

245 275 316 310 nice
335 273 460 314 erectis,
480 282 656 316 eammque
677 273 891 308 confratribus
903 281 929 307 et
943 285 992 307 so-

245 328 384 367 roribus,
412 339 538 361 necnon
560 328 753 361 officialibus
773 334 804 361 et
823 328 988 367 ministris,

243 380 361 416 eisdem
384 381 479 414 modo
500 387 530 414 et
550 380 651 414 forma
663 380 781 423 quibus
794 392 849 424 per
861 381 988 413 eosdem

243 434 507 480 praedecessores
540 439 664 467 nostros
698 440 729 466 et
765 434 869 467 dictae
899 434 989 467 Sedis

242 487 380 522 nuncios
404 497 555 521 concessa
577 487 717 526 fuerunt,
740 487 824 520 dicta
848 487 988 519 auctori-

239 546 303 575 tate
319 541 494 584 apostcttca
515 540 553 573 de
571 551 652 573 novo
669 540 877 573 concedimus
897 545 926 572 et
944 540 990 572 in-

237 605 403 634 novamus,
424 604 460 627 ac
480 594 631 627 omnibus
651 599 680 626 et
698 593 831 636 singulis
860 594 987 626 confra-

237 647 426 682 ternitatum
470 647 591 679 Rosarii
629 646 815 679 huiusmodi
860 647 986 678 confra-

235 701 340 735 tribus
360 706 390 733 et
414 700 594 738 sororibus,
629 710 716 732 minc
750 704 780 731 et
814 710 871 743 pro
904 704 986 731 tem-

234 764 314 799 pore
353 753 581 793 existentibus,
627 751 794 794 suffragari
845 753 962 786 debere
976 779 983 793 ,

72 804 91 859 ,¹
234 817 355 851 eosque
381 807 444 840 illis
468 813 626 851 perpetuo
651 806 710 846 uti,
732 806 828 848 potiri
850 811 879 839 et
908 817 986 848 {au-

76 872 82 879 “
233 861 310 894 dere
336 871 429 904 posse
464 860 669 893 deceruimus
689 865 719 892 et
739 860 954 892 declaramus.

66 944 83 957 ,,
279 913 294 958 5
314 914 346 949 5.
374 914 411 947 Et
430 913 574 957 insuper,
600 919 630 946 ut
653 913 803 945 omnibus
827 918 857 945 et
876 913 984 956 singu-

65 953 92 999 ζ*
108 969 217 1022 ιοᾞδῑω
233 967 273 1001 lis
292 967 367 1000 dicti
389 966 515 1000 Ordinis
533 967 695 1007 fratribus,
719 978 776 1010 per
793 967 981 1009 magistrum

51 1007 218 1065 :Quinii'nffiiij
234 1026 266 1055 et
284 1020 439 1054 vicarium
461 1020 627 1062 generales
643 1019 718 1052 dicti
744 1019 870 1052 Ordinis
892 1019 983 1051 Prae-

53 1061 219 1150 §mmiefii
234 1071 414 1107 (ficatorum
444 1079 474 1106 et
494 1084 606 1107 eorum
627 1072 805 1117 quemlibet
825 1083 882 1116 pro
905 1078 982 1105 tem-

60 1125 216 1178 r--mss‘gssffii‘
234 1137 311 1171 pore
332 1127 536 1170 deputandis,
560 1127 590 1159 in
611 1126 776 1170 quibusvis
788 1126 978 1167 civitatibus,

58 1180 167 1212 minicia
181 1188 218 1208 1¹⁶-
233 1181 373 1225 oppidis,
401 1181 497 1214 terris
526 1186 556 1213 et
584 1180 662 1213 locis
691 1180 889 1223 ubicumque
917 1181 980 1213 exi-

55 1209 218 1279 uiprantem
232 1234 402 1274 stentibus,
422 1233 500 1266 utin
512 1234 700 1266 eorumdem
718 1234 977 1266 praedicatorum

70 1280 91 1330 ζ,
229 1288 280 1321 vel
299 1287 437 1321 aliorum
459 1287 628 1328 ornanum,
639 1287 908 1320 monasteriorum
923 1299 977 1320 seu

231 1341 403 1374 domorum
424 1340 580 1379 ecclesiis,
595 1340 749 1384 cappellis
769 1345 797 1371 et
816 1341 975 1380 oratoriis,

231 1399 262 1428 et
291 1394 386 1428 etiam
425 1394 456 1427 in
495 1394 715 1427 saecularibus
746 1394 909 1434 ecclesiis,
945 1394 978 1426 in

230 1447 350 1491 quibus
384 1448 491 1481 nullae
522 1447 798 1480 confraternitates
833 1447 976 1480 ciusdem

229 1499 352 1533 Rosarii
377 1500 483 1533 adhuc
503 1506 627 1533 erectae
648 1500 798 1540 existunt,
822 1500 859 1532 tle
880 1511 977 1543 supe-

229 1553 353 1587 riorum
374 1559 404 1586 et
423 1553 661 1587 ordinariorum
686 1554 828 1593 licentia,
851 1554 976 1586 confra-

229 1607 394 1641 ternitates
410 1608 554 1641 eiusdem
576 1608 766 1641 sanctissimi
784 1608 919 1648 Rosarii,
938 1608 976 1640 ad

229 1659 285 1693 Dei
305 1666 335 1693 et
355 1661 498 1695 eiusdem
519 1662 632 1694 Beatae
653 1661 790 1704 Virginis
805 1661 933 1693 laudem
948 1666 973 1694 et

230 1713 379 1757 gloriam,
411 1715 536 1758 erigere
563 1721 588 1748 et
622 1715 788 1748 instituere
817 1714 919 1747 libere
948 1722 973 1747 et

225 1757 317 1801 {licite
337 1769 459 1812 possint
478 1775 509 1802 et
538 1770 675 1808 valcant,
702 1769 829 1812 plenam
851 1774 882 1801 et
899 1768 977 1802 libe-

230 1822 482 1855 ram‘licentiam
495 1827 524 1855 et
536 1823 732 1861 facultatem,
756 1821 838 1853 dicta
851 1826 977 1864 aposto-

229 1873 290 1908 lica
308 1875 511 1915 auctoritate,
533 1880 644 1909 tenore
660 1875 890 1919 praesentium,
903 1885 976 1908 con-

229 1927 386 1961 cedimus.

71 2016 73 2019 ·
221 2008 225 2013 .
273 1982 288 2025 ἓ
308 1982 339 2015 fi.
366 1982 422 2023 Ac,
435 1987 606 2026 postquam
628 1988 753 2015 erectae
779 1982 919 2022 fuerint,
942 1987 977 2015 ut

40 2029 217 2088 ,εξ-ιηυῡοῖξξηζ
229 2035 378 2068 omnibns
398 2040 429 2068 et
452 2035 585 2078 singulis
614 2035 797 2079 privilegiis,
829 2035 973 2075 indultis,

41 2095 112 2123 ειιιῑιι
139 2101 159 2119 ει
187 2099 215 2118 in-
229 2087 446 2127 facultatibus,
469 2089 738 2132 exemptionibus,
762 2089 975 2121 immunitati-

41 2127 217 2182 ῗζὲἶΰζξῖἷῃζῖ,
229 2139 301 2181 bus,
333 2141 607 2181 concessionibus,
631 2141 852 2184 indulgentiis,
880 2142 974 2175 etiam

40 2188 143 2248 ξξζὲζζζ,
169 2191 217 2212 ⁶³¹¹³
229 2193 393 2236 plenariis,
416 2199 447 2226 et,
463 2200 668 2237 peccatorum
680 2194 924 2227 remissionibus
939 2206 975 2227 ac

189 2248 193 2251 '
229 2247 479 2280 relaxationibus
509 2253 538 2280 et
563 2248 686 2290 gratiis,
713 2248 876 2291 quibusvis
906 2248 976 2282 aliis

229 2299 370 2333 eiusdem
384 2301 506 2334 Rosarii
521 2302 976 2341 confraternitatibus‚earum—

229 2363 291 2396 que
312 2353 526 2387 confratribus
546 2366 581 2387 ac
607 2355 784 2394 sororibus,
808 2365 866 2397 per
885 2366 975 2398 prae-

43 2407 53 2420 '
79 2423 82 2427 ·
229 2401 330 2434 dictos
345 2406 376 2434 et
387 2404 702 2445 quoscumquealios
722 2404 882 2436 Romanos
894 2404 974 2437 Pon-

59 2446 67 2450 ’
148 2448 154 2453 “
228 2449 342 2490 tisices,
365 2450 458 2483 etiam
490 2452 752 2493 praedecessores
774 2458 910 2493 nostros,
938 2464 974 2486 ac

229 2498 324 2532 etiam
350 2509 408 2532 nos
438 2505 468 2531 et
488 2500 601 2532 Sedem
624 2501 819 2545 praedictam
841 2501 974 2545 eiusque

229 2547 379 2589 nuncios,
401 2554 429 2580 et
447 2548 541 2580 etiam
568 2549 606 2581 de
628 2550 725 2581 latere
747 2551 876 2591 legatos,
897 2551 973 2583 hac-

71 2623 89 2639 „
228 2602 322 2630 tenus
345 2598 587 2641 quomodolibet
610 2599 768 2633 concessis
797 2610 834 2633 ac
861 2610 973 2634 conce-

907 221 1009 246 Stxrus
1027 219 1047 245 V
1066 222 1114 245 ΡΡ.

1669 215 1726 249 etet

1033 274 1155 315 dendis,
1176 280 1203 307 et
1226 275 1343 318 quibus
1363 278 1642 311 confraternitates
1662 279 1774 312 huius-

1034 327 1117 360 modi
1137 338 1312 372 earumquc
1325 332 1501 363 confratres
1514 337 1543 363 ct
1553 342 1680 364 sorores
1695 342 1776 374 quo-

1034 380 1208 413 modolibet
1228 386 1373 423 utuntur,
1397 385 1564 427 potiuntur
1585 385 1775 426 etfgaudent.

1031 443 1067 465 ac
1089 433 1153 472 uti,
1183 434 1278 477 potiri
1307 441 1337 467 et
1371 438 1509 476 ganum-n
1532 443 1681 481 poterunt
1700 449 1780 482 quo-

1032 486 1207 519 modolibet
1235 487 1266 520 in
1300 488 1467 530 futurum,
1502 491 1718 534 pariforcziter
1747 498 1776 524 et

1030 550 1131 582 :teque
1162 540 1393 583 principalitti=1·,
1427 543 1457 575 in
1491 544 1641 576 omnibus
1665 550 1695 577 et
1720 556 1777 588 per

1029 592 1156 631 onmia,
1194 594 1326 636 perinde
1362 606 1397 627 ac
1434 596 1457 628 si
1497 596 1559 629 illis
1597 598 1777 640 specialiter

1029 651 1057 677 et
1078 656 1225 688 expresse
1251 657 1286 679 ac
1313 648 1499 681 nominatim
1527 661 1676 683 concessa
1697 651 1775 684 fuis-

1029 703 1108 738 sent,
1132 700 1190 739 uti,
1215 700 1310 744 potiri
1336 707 1363 733 et
1390 702 1528 745 gaudere
1558 704 1658 736 libere
1683 710 1710 737 et
1736 705 1774 737 li-

1028 752 1086 784 cite
1113 754 1246 796 possint‚
1281 755 1401 798 pariter
1430 757 1636 789 concedimus
1665 763 1694 789 et
1728 757 1775 790 in-

1027 805 1218 847 dulgemus;
1247 819 1283 841 ac
1308 809 1486 851 prixilegia,
1519 810 1652 851 indulta,
1674 812 1773 844 facul-

1027 865 1124 900 tates,
1157 862 1397 905 exemptiones,
1433 863 1662 903 immunitates,
1695 875 1771 897 con-

1025 914 1206 954 cessiones,
1253 915 1486 958 indulgentias,
1527 917 1621 949 etiam
1659 918 1770 960 plena-

1026 967 1098 1008 rias,
1113 974 1147 1000 ut
1164 970 1355 1011 praefertur,
1377 980 1543 1002 concessas
1565 975 1594 1002 et
1610 982 1769 1011 concessa,

1024 1022 1061 1054 ud
1089 1022 1172 1065 ipsas
1194 1023 1472 1056 confraternitates
1501 1023 1668 1065 erigendas
1697 1025 1768 1058 itta-

1025 1086 1160 1119 rumque
1181 1078 1358 1109 confratres
1378 1082 1407 1109 ct
1428 1088 1553 1109 sorores
1566 1088 1624 1120 pro
1645 1084 1768 1122 tempo-

1023 1139 1055 1160 re
1073 1130 1243 1163 existentes
1264 1136 1420 1174 perpetuo
1441 1131 1643 1164 extendimus
1655 1137 1684 1165 et
1699 1143 1767 1165 am-

1023 1183 1172 1225 pliamus.

1063 1237 1077 1279 ξ
1103 1235 1133 1269 7.
1162 1237 1200 1269 Ut
1225 1242 1332 1270 autem
1362 1238 1542 1271 animarum
1576 1239 1766 1273 christifide-

1021 1289 1097 1321 lium
1133 1290 1452 1331 confraternitatum,
1488 1297 1552 1324 tam
1586 1297 1762 1325 erectarum

1019 1354 1115 1386 quam
1136 1355 1194 1387 per
1215 1345 1327 1377 fratres
1353 1345 1554 1388 deputandos
1578 1346 1763 1379 huiusmodi

1019 1396 1258 1437 erigendarum,
1272 1398 1399 1430 easdem
1420 1399 1697 1433 confraternitates
1713 1400 1762 1432 in-

1018 1450 1107 1492 gredi
1139 1450 1329 1491 volentium,
1362 1451 1522 1495 spirituali
1555 1453 1764 1486 consolationi

1020 1514 1075 1545 per
1095 1503 1233 1546 amplius
1251 1505 1451 1545 consulatur,
1474 1505 1512 1537 de
1534 1506 1764 1549 omnipotentis

1018 1556 1069 1589 Dei
1093 1556 1325 1598 misericordia,
1354 1569 1390 1591 ac
1424 1559 1591 1592 beatorum
1623 1560 1705 1593 Petri
1734 1567 1764 1594 et

1019 1610 1107 1642 Pauli
1128 1611 1350 1654 apostolorum
1372 1612 1440 1644 eius
1468 1612 1657 1646 auctoritate
1686 1624 1762 1646 con-

1018 1663 1079 1702 tisi,
1102 1664 1253 1696 omnibus
1274 1670 1304 1696 et
1323 1664 1457 1707 singulis
1478 1665 1646 1709 utriusque
1671 1676 1763 1699 sexus

1018 1716 1232 1749 confratribus
1247 1717 1447 1759 singularum
1467 1718 1763 1752 confraternitatum

1017 1769 1139 1802 Rosarii
1160 1770 1360 1816 huiusmodi,
1384 1777 1446 1803 tam
1469 1773 1624 1804 hactenus
1644 1777 1764 1813 erecta-

1016 1833 1088 1855 rum
1109 1834 1204 1866 quam
1228 1824 1259 1856 in
1280 1830 1447 1867 posterum
1469 1825 1711 1867 erigendarum,
1729 1831 1764 1858 ut

1018 1876 1209 1919 praefertur,
1232 1877 1430 1921 ubicumque
1451 1888 1538 1910 nunc
1554 1883 1584 1910 et
1604 1888 1661 1920 pro
1682 1883 1764 1910 tem-

1018 1940 1095 1973 pore
1115 1930 1335 1970 existentibus,
1363 1936 1392 1963 et
1413 1931 1444 1962 in
1464 1931 1556 1963 dictis
1590 1931 1765 1963 confrater-

1017 1983 1169 2016 nitatibus
1199 1995 1257 2028 pro
1287 1990 1432 2027 tempore
1457 1984 1624 2028 descriptis
1649 1990 1678 2017 et
1707 1985 1762 2018 de-

1017 2036 1205 2076 scrihendis,
1228 2036 1452 2069 itinerantibus
1472 2037 1519 2069 vel
1543 2037 1763 2078 navigantibus

1016 2100 1052 2121 ac
1072 2089 1293 2130 servientibus,
1308 2095 1410 2122 totum
1430 2090 1611 2129 Rosarium,
1628 2089 1763 2123 infirmis

1017 2154 1088 2175 vero
1112 2150 1167 2176 aut
1184 2143 1261 2175 alias
1281 2143 1421 2185 legitime
1442 2143 1614 2187 impeditis,
1637 2144 1762 2176 tertiam

1017 2198 1084 2231 cius
1103 2203 1225 2241 partem
1260 2198 1369 2230 devote
1390 2196 1614 2238 recitantibus,
1636 2208 1762 2231 necnon

1019 2251 1216 2294 temporibus
1236 2251 1351 2283 debitis
1372 2257 1403 2283 et
1422 2252 1461 2284 ab
1477 2250 1618 2283 Ecclesia
1637 2252 1762 2285 statutis

1017 2305 1188 2338 confitendi
1210 2310 1237 2337 et
1260 2304 1521 2337 communicandi
1543 2304 1672 2337 firmum
1688 2315 1763 2349 pro-

1018 2357 1155 2401 positum
1185 2357 1377 2389 habentibus
1392 2361 1416 2395 ,¹
1432 2356 1485 2400 „qui
1516 2358 1694 2401 cappellam
1724 2358 1759 2391 B.

1017 2406 1130 2438 Mariae
1158 2406 1294 2444 Rosarii,
1318 2406 1348 2437 in
1370 2406 1504 2438 ccclesia
1529 2406 1629 2449 ipsius
1647 2406 1762 2440 Beatae

1016 2455 1131 2486 Mariae
1153 2465 1250 2498 supra
1270 2455 1438 2487 Minervam
1459 2455 1497 2487 de
1520 2455 1601 2487 Urbe
1617 2455 1760 2489 eiusdem

1016 2504 1142 2536 Ordinis
1170 2503 1431 2536 Praedicatorum
1473 2503 1672 2545 institutam,
1711 2505 1759 2538 vel

1016 2553 1093 2584 alias
1123 2552 1275 2585 ecclesias
1289 2563 1346 2585 seu
1367 2552 1540 2596 cappellas,
1563 2552 1759 2596 ubicumque

1016 2601 1100 2634 dicta
1117 2601 1360 2635 confraternitas
1381 2603 1535 2635 canonice
1547 2601 1679 2635 fundata
1689 2603 1759 2636 fue-

1796 222 1848 250 Αη.
1868 223 1980 252 0158ss

1807 1251 1966 1273 contratrum--

1782 1289 1820 1309 que
1836 1284 1887 1303 ..tias
1898 1283 1964 1303 indul-

1781 1315 1861 1338 gentius
1882 1314 1915 1334 hic
1938 1319 1965 1334 e-

1781 1346 1889 1372 puuriatas
1912 1349 1963 1366 con·

1780 1376 1843 1402 cedia
