2059 3228
45 1535 151 1563 natumque

46 1568 106 1588 tetum
119 1566 154 1587 iu-

47 186 79 219 (Ξ.
95 190 162 221 1585

172 345 308 379 iusmodi
328 350 466 385 tenores,
487 345 581 379 etiam
607 345 747 378 veriores
769 355 806 377 ac
829 344 911 381 data,

170 399 391 444 praesentibus
410 409 470 443 pro
494 399 651 443 expressis
674 399 839 437 habentes,
863 407 916 430 eo-

169 452 315 486 rumdem
327 453 612 497 praedecessorum
627 457 812 485 nostrorum
825 450 916 484 vesti-

168 505 227 549 giis
255 505 467 546 inhaerendo,
496 511 587 538 motu
606 505 751 550 proprio,
773 514 839 537 non
876 503 914 536 ad

168 558 313 602 ipsorum
338 559 579 592 communitatis
606 563 637 591 et
668 557 837 590 hominum
865 556 914 588 vel

166 612 298 645 alterius
321 623 381 656 pro
405 613 450 646 eis
475 623 573 656 super
596 611 658 645 hoc
682 611 808 644 oblatae
832 609 914 653 peti-

166 666 263 699 tionis
286 665 483 706 instantiam,
504 666 559 699 sed
578 666 617 699 de
638 669 746 698 nostra
766 673 855 696 mera
875 663 914 695 li-

166 718 331 753 beralitate
350 724 382 753 et
401 731 437 753 ex
456 724 542 752 certa
559 718 705 759 scientia,
719 718 825 760 deque
836 726 914 760 apo-

165 773 296 806 stolicae
320 773 484 816 potestatis
506 771 720 816 plenitudine,
746 780 859 804 omnes
884 774 915 802 et

164 826 306 870 singulas
324 826 478 860 Bonifacii
498 830 529 858 et
548 824 668 858 Callisti
688 824 915 868 praedecesso-

166 890 238 914 rum
255 880 443 914 huiusmodi
462 879 595 919 litteras,
611 878 786 921 omniaque
802 882 833 910 et
847 876 914 909 sin—

165 934 241 978 gula
261 933 294 966 in
314 932 376 966 illis
396 938 426 966 et
447 943 559 966 earum
584 931 718 974 singulis
747 936 910 970 contenta,

165 987 271 1031 quoad
294 997 330 1020 ea
350 997 433 1030 quae
467 985 681 1028 infrascriptis
714 995 751 1017 ac
778 983 914 1017 decretis

164 1040 294 1074 concilii
319 1038 497 1073 Tridentini
523 1049 589 1072 non
613 1043 805 1082 repugnent,
839 1047 916 1081 apo-

164 1094 277 1128 stolica
309 1093 511 1133 auctoritate,
538 1098 651 1126 tenore
685 1091 914 1136 praesentium,

165 1147 383 1192 approbamus
412 1152 443 1180 et
475 1146 716 1186 confirmamus,
751 1156 788 1179 ac
819 1146 914 1178 etiam

166 1201 221 1234 illa
253 1200 460 1240 innovamus,
495 1210 672 1242 omnesque
705 1204 736 1232 et
772 1199 915 1242 singulos

166 1259 230 1288 tam
273 1253 352 1286 iuris
393 1263 489 1297 quam
537 1252 611 1285 sacti
650 1263 687 1285 ac
733 1251 916 1285 solemnita-

165 1313 247 1347 tum,
268 1307 364 1340 etiam
385 1306 654 1346 substantialium,
685 1311 716 1338 et
740 1315 913 1349 quoscum-

166 1371 229 1404 que
248 1360 327 1394 alios
360 1359 516 1399 defectus,
548 1359 573 1392 si
602 1359 658 1402 qui
684 1357 916 1391 intervenerint

166 1413 199 1447 in
219 1413 351 1454 eisdem,
374 1413 575 1457 supplemus.

210 1467 226 1511 ἓ
244 1467 276 1501 5.
298 1467 336 1500 Et
353 1467 485 1510 insuper
496 1466 528 1499 in
545 1466 614 1510 ipsa
624 1465 749 1499 civitate
766 1465 916 1498 Firmana

167 1531 264 1554 unam
286 1519 526 1553 Universitatem
552 1519 654 1552 Studii
682 1519 852 1561 generalis,
884 1519 916 1551 in

167 1584 231 1618 qua
263 1573 362 1617 aliqui
387 1572 531 1615 magistri
556 1577 587 1605 et
610 1573 758 1605 doctores
783 1583 837 1604 seu
863 1571 917 1604 alii

167 1627 250 1660 docti
277 1632 307 1660 et
336 1626 453 1660 eruditi
483 1627 680 1670 professores
707 1626 914 1669 theologiam,

169 1681 219 1714 ius
247 1680 440 1714 canonicum
468 1685 498 1713 et
526 1680 630 1719 civile,
663 1680 859 1713 medicinam
888 1684 919 1711 et

169 1739 255 1767 artes
273 1733 435 1773 liberales,
457 1744 583 1766 necnon
603 1734 681 1766 alias
695 1743 918 1777 quascumque

169 1787 274 1820 licitas
293 1787 460 1820 facultates
480 1787 609 1830 publice
638 1787 756 1829 legant,
783 1787 919 1819 doceant

171 1839 514 1884 etinterpretentur,et
526 1839 723 1883 quicumque
743 1840 917 1879 scholares,

171 1893 237 1927 sive
254 1893 330 1926 laici
349 1892 414 1925 sive
434 1893 556 1933 clerici,
576 1893 757 1926 saeculares
777 1893 825 1925 vel
841 1903 920 1935 quo-

172 1945 305 1986 rumvis,
345 1946 441 1978 etiam
481 1946 740 1985 Mendicantium,
764 1945 919 1979 Ordinum

173 1999 349 2042 regulares,
371 1999 569 2043 ubicumque
592 1999 733 2038 oriundi,
763 2005 794 2031 et
822 1999 921 2031 unde-

175 2063 314 2096 cumque
333 2052 551 2091 advenientes,
574 2053 606 2084 in
627 2052 745 2085 eisdem
766 2052 922 2084 facultati-

174 2105 235 2139 bus
253 2105 420 2146 studeant;
440 2116 568 2139 necnon
593 2106 666 2145 illis,
693 2105 747 2149 qui
773 2105 921 2138 catholici

175 2164 205 2192 et
225 2158 265 2192 ad
288 2158 321 2192 id
340 2158 446 2192 idonei
467 2159 585 2202 reperti
607 2159 737 2197 fuerint,
755 2159 924 2191 baccalau-

175 2216 292 2252 reatus,
312 2212 545 2251 licentiaturae,
569 2212 753 2245 doctoratus
774 2218 803 2245 et
824 2213 922 2254 magi-

177 2265 266 2299 sterii
286 2275 324 2298 ac
350 2265 403 2298 alii
433 2265 605 2298 cuiuslibet
638 2265 726 2298 licite
764 2265 924 2298 facultatis

177 2318 296 2362 gradus
312 2323 343 2351 et
359 2317 495 2361 insignia
515 2319 724 2351 conferantur
752 2325 782 2351 et
808 2329 924 2351 conce-

179 2367 315 2408 dantur,
337 2378 410 2400 cum
431 2378 515 2406 arca,
536 2368 640 2410 sigillo
658 2374 688 2400 et
707 2367 778 2400 aliis
797 2367 912 2410 insigni

179 2415 349 2450 busStudii
360 2417 530 2459 generalis,
544 2417 583 2449 ad
595 2416 924 2456 instat-Bononiensis,

179 2465 682 2506 Paduanensis,„Peru-<issensis
717 2465 866 2498 Senensis
897 2471 928 2498 et

181 2513 404 2547 Maceratensis
431 2524 467 2546 ac.
487 2514 622 2546 aliarum
647 2524 927 2557 quarumcumque

836 183 941 210 Stx‘rus
959 183 978 208 V
996 183 1045 209 Pr.

173 244 221 273 tos
250 237 316 272 fore
347 243 525 278 censentes,
568 247 696 272 necnon
732 237 913 271 litterarum
954 235 1098 269 initalia
1118 245 1213 278 quam
1240 241 1325 269 extra
1351 246 1420 269 earn
1448 233 1705 273 consistentium,

172 292 325 326 Bonifacii
349 298 380 325 et
403 291 523 325 Callisti
546 292 831 336 praedecessorum
856 291 915 323 hu·
955 289 1148 322 auctoritate
1169 295 1199 322 ct
1220 295 1328 322 tenore
1354 289 1520 333 praefatis,
1550 293 1707 333 perpetuo

1601 171 1664 204 :395

957 341 1113 383 erigimus
1133 346 1163 374 et
1188 342 1398 375 instituimus.

1723 180 1775 207 An.
1793 180 1811 207 C
1838 181 1905 208 ¹585

997 395 1012 439 ἓ
1033 394 1064 429 6.
1091 395 1208 438 Illique
1230 396 1275 428 sic
1296 401 1402 428 erecto
1428 401 1460 429 et
1485 394 1640 434 instituto,
1671 404 1707 427 ac
1750 405 1823 434 tuique
1835 408 1863 427 «10
1875 408 1905 428 tn.

955 448 1023 482 eius
1030 458 1089 492 pro
1097 453 1240 492 tempore
1248 448 1455 481 existentibus
1468 447 1595 487 rectori,
1610 448 1708 490 magi-

954 501 1036 542 stris,
1044 501 1241 540 doctoribus,
1255 502 1502 546 professoribus,
1517 501 1703 541 lectoribus,

955 556 1231 599 praeceptoribus,
1243 556 1454 595 scholaribus,
1466 555 1603 595 hidellis,
1627 565 1705 587 nun-

955 609 1012 641 ciis
1033 614 1063 641 et
1084 609 1155 641 aliis
1175 608 1379 648 officialibus,
1414 608 1568 641 ministris
1589 613 1619 641 et
1634 619 1706 652 per-

954 661 1054 703 sonis,
1094 671 1222 694 necnon
1247 661 1366 694 ibidem
1405 662 1443 694 ad
1482 671 1705 704 quoscumque

954 714 1072 757 gradus
1087 714 1255 758 promotis,
1278 714 1365 757 quod
1386 714 1534 747 omnibus
1554 715 1703 757 ctsingu-

954 768 993 801 lis
1013 778 1050 801 ac
1070 767 1331 812 quibuscumque
1356 768 1542 811 privilegiis,
1570 768 1704 801 faculta-

955 822 1052 862 tibus,
1075 822 1286 863 libertatibus,
1310 822 1579 860 immunitatibus,
1600 832 1705 854 exem-

954 875 1131 920 ptionibus,
1170 875 1412 919 praerogativis,
1443 875 1702 915 antelationibus,

954 928 1218 973 praeeminentiis,
1240 928 1414 969 favoribus,
1445 928 1633 969 honoribus,
1659 929 1704 961 di-

953 982 1140 1025 gnitatibus,
1157 981 1430 1022 concessionibus,
1448 981 1581 1014 indultis
1593 987 1623 1014 et
1635 982 1705 1014 aliis

955 1035 1112 1069 universis
1131 1035 1242 1079 gratiis
1274 1034 1497 1079 spiritualibus
1522 1040 1553 1067 et
1579 1041 1702 1078 tempo-

954 1089 1088 1129 ralibus,
1110 1089 1228 1132 quibus
1238 1088 1460 1126 Bononiensis,
1474 1087 1701 1128 Paduanensis,

953 1142 1175 1176 Perusinensis
1195 1148 1226 1175 et
1244 1141 1467 1175 Maceratensis
1479 1152 1516 1174 ac
1529 1152 1704 1184 quaecum-

955 1207 1017 1239 que
1037 1196 1119 1229 aliae
1134 1195 1372 1236 Universitates,
1387 1195 1495 1228 tamin
1508 1195 1597 1228 Italia
1607 1206 1704 1238 quarn

956 1256 1044 1284 extra
1063 1260 1134 1284 eam
1154 1249 1378 1289 consistentes,
1408 1248 1603 1292 praedictae,
1634 1249 1704 1281 illa-

956 1314 1094 1348 rumque
1113 1314 1173 1347 pro
1193 1308 1339 1346 tempore
1359 1301 1529 1336 existentes
1549 1307 1702 1342 rectores,

957 1357 1110 1401 magistri,
1130 1356 1290 1396 doctores,
1319 1355 1526 1399 professores,
1555 1356 1703 1395 lectores,

956 1415 1194 1455 praeceptores,
1216 1409 1389 1449 scholares,
1408 1408 1532 1449 bidelli‚
1545 1408 1656 1442 nuncii
1669 1419 1706 1441 ac

957 1465 1011 1497 alii
1032 1464 1198 1504 officiales,
1221 1462 1359 1496 ministri
1380 1468 1411 1496 et
1434 1472 1604 1506 personae,
1630 1473 1705 1495 nec-

956 1529 1021 1551 non
1042 1517 1161 1551 ibidem
1183 1518 1222 1550 ad
1242 1526 1466 1560 quoscumque
1487 1516 1605 1558 gradus
1629 1526 1705 1559 pro-

958 1571 1048 1613 moti,
1070 1571 1109 1604 de
1134 1571 1204 1603 iure
1234 1570 1282 1603 vel
1314 1569 1548 1603 consuetudine
1582 1575 1638 1602 aut
1670 1579 1705 1602 ex

958 1625 1133 1669 privilegiis
1153 1629 1184 1657 et
1200 1623 1463 1657 concessionibus
1475 1622 1659 1666 apostolicis
1676 1627 1706 1656 et

958 1678 1192 1723 imperialibus,
1210 1687 1337 1710 necnon
1349 1676 1494 1710 conciliis
1504 1675 1706 1720 generalibus

959 1743 1014 1766 seu
1035 1731 1281 1771 universalibus,
1304 1729 1555 1774 provincialibus
1576 1734 1606 1762 et
1616 1739 1707 1773 syno-

959 1785 1096 1825 delibus,
1122 1795 1159 1817 ac
1182 1784 1261 1816 alias
1285 1782 1530 1826 quomodolibet
1559 1787 1706 1822 utuntur,

960 1839 1129 1885 potiuntur
1159 1843 1190 1871 et
1218 1838 1369 1881 gaudent,
1398 1847 1434 1869 ac
1462 1836 1521 1876 uti,
1551 1835 1647 1879 potiri
1679 1840 1710 1869 et

959 1893 1099 1936 gaudere
1124 1897 1253 1936 possent
1277 1899 1308 1925 et
1332 1895 1483 1933 poterunt
1507 1888 1710 1932 quomodoli-

960 1947 1014 1979 het
1048 1946 1079 1978 in
1114 1946 1271 1983 futurum,
1309 1943 1527 1987 pariformiter
1553 1948 1584 1976 et
1608 1952 1709 1986 aeque

962 1999 1197 2043 principaliter,
1234 1997 1355 2039 absque
1384 1996 1451 2029 ulla
1481 2006 1615 2040 prorsus
1647 1995 1709 2029 dif-

962 2053 1108 2092 ferentia,
1131 2052 1189 2091 uti,
1216 2050 1312 2095 potiri
1338 2056 1368 2083 et
1396 2050 1549 2092 gaudere,
1575 2049 1710 2093 perinde

962 2117 999 2139 ac
1016 2106 1039 2138 si
1060 2106 1104 2138 eis
1124 2105 1307 2148 specialiter
1321 2103 1512 2136 nominatim
1524 2108 1710 2147 etexpresse

963 2169 1116 2192 concessa
1140 2159 1286 2191 fuissent.

1008 2213 1022 2255 ξ
1047 2213 1077 2245 7.
1100 2213 1268 2244 Praeterea
1293 2210 1366 2250 illis,
1392 2209 1448 2254 qui
1477 2209 1510 2242 in
1538 2209 1608 2253 ipsa
1635 2209 1712 2242 Uni-

964 2265 1110 2297 versitate
1122 2264 1224 2297 Studii
1238 2263 1395 2306 generalis
1410 2262 1551 2295 Firmani
1570 2262 1619 2296 vel
1634 2262 1711 2295 alibi

965 2318 1143 2351 studuerint
1175 2317 1206 2349 in
1238 2316 1410 2359 theologia,
1438 2326 1475 2349 ac
1501 2321 1637 2360 utroque
1662 2316 1712 2349 vel

967 2368 1066 2399 altero
1087 2366 1156 2399 iure
1177 2371 1205 2398 et
1235 2365 1405 2405 medicina,
1432 2375 1559 2398 necnon
1591 2364 1713 2398 artibus

967 2415 1153 2448 liberalibus
1168 2414 1302 2455 aliisque
1314 2413 1516 2446 facultatibus
1527 2413 1710 2456 praedictis,

967 2465 1241 2503 baccalanrcatus,
1265 2462 1497 2502 licentiaturae,
1529 2462 1713 2494 doctoratus

968 2519 998 2545 et.
1034 2512 1207 2555 magisterii
1238 2517 1426 2554 ceterosque
1461 2521 1572 2543 omnes
1603 2510 1711 2544 solitos

182 2562 430 2596 Universitatum
444 2562 631 2596 Studiorum
643 2561 853 2606 generalium,
864 2568 926 2594 tam
945 2549 951 2605 Ι
968 2562 1096 2606 gradus,
1120 2561 1144 2594 si
1160 2572 1217 2604 per
1235 2560 1402 2604 magistros
1414 2560 1461 2592 vel
1473 2559 1713 2593 doctoresillius

1722 441 1798 458 novato
1815 440 1904 465 eiusque

1721 470 1819 495 personis
1835 475 1858 489 ac
1874 470 1902 490 ibt

1721 501 1822 526 promotis
1839 501 1905 526 μῆνί-

1721 532 1776 556 legia
1796 532 1865 552 omnia
1879 538 1904 550 :i-

1720 562 1793 583 tiorum
1822 562 1904 582 Studio-

1721 600 1763 614 rum
1772 594 1903 617 aenei-alium

1720 626 1833 650 ωηο-θείης

1737 2220 1908 2247 Doctomnzttquo

1723 2253 1752 2273 fot
1759 2258 1810 2272 main
1849 2255 1909 2278 pu·-

1725 2283 1799 2304 scribit
1809 2289 1816 2308 ᾗ
