2059 3228
184 285 314 323 sortitis,
344 284 466 317 etiamsi
498 284 536 317 de
568 284 679 319 iisdem
710 283 931 327 praesentibus

184 337 307 378 l-tteris,
327 348 362 370 ae
384 348 495 370 earum
509 343 573 371 toto
585 344 694 370 tenore
708 348 745 371 ac
762 337 844 377 data,
861 347 930 380 spe-

183 389 282 431 cialis,
305 390 455 434 specifica
475 396 505 424 et
530 401 676 434 expressa
707 390 826 423 mentio
861 390 926 429 fiat,

182 443 311 477 minime
332 443 466 483 includi,
488 444 542 477 sed
565 444 626 477 illis
641 444 845 486 ‹aquibus-is
858 443 927 476 aliis

180 497 349 530 contrariis
364 507 427 530 non
449 497 660 538 obstantibus,
673 497 702 529 in
721 496 786 529 suis
810 497 926 530 robore

179 555 209 583 et
229 550 371 583 efficacia
391 550 749 594 persistere,aequoties
762 550 925 583 illaeenia·

177 602 310 644 nabunt,
332 603 423 636 toties
445 603 475 635 in
497 602 669 646 pristinum
690 608 807 635 statum
832 602 924 636 resti-

179 661 272 697 tutas,
295 656 451 701 repositas
479 662 509 689 et
535 655 678 700 plenarie
704 655 924 698 reintegratus,

176 718 214 742 ac
232 708 272 743 de
291 719 373 743 novo
394 709 568 753 apostolica
588 709 778 741 auctoritate
791 719 922 742 conces·

175 771 226 796 sas
244 772 334 803 esse;
356 772 484 795 necnon
504 761 750 801 institutionem,
785 761 922 794 erectio-

123 808 127 813 *
173 825 260 857 nem,
280 816 552 860 suppressionem,
575 813 809 858 separationem
819 820 849 848 et
862 814 923 847 dis-

174 868 455 908 membrafionem,
484 867 745 912 applicationem,
772 868 922 901 annexio-

174 931 248 966 nem
257 921 594 966 etineorporationem
611 920 809 961 huiusmodi,
821 921 921 954 donec

174 973 229 1008 illa
261 974 443 1019 plenarium
475 973 595 1007 fuerint
620 974 732 1007 sortita
757 973 918 1015 ellectum,

173 1027 307 1068 durare;
329 1038 366 1061 ac
376 1027 503 1061 irritum
515 1027 647 1060 etinane
659 1027 814 1071 quidquid
829 1038 920 1060 secus

172 1091 271 1125 super
284 1081 334 1115 his
353 1092 371 1114 a
390 1091 568 1125 quoquam,
593 1080 703 1124 quavis
720 1081 920 1121 auctoritate,

172 1134 311 1169 scienter
329 1135 377 1168 vel
398 1135 595 1177 ignoranter,
624 1135 792 1178 contigerit
818 1140 920 1168 atten-

175 1188 246 1222 tari.

215 1242 232 1287 ἓ
255 1241 286 1276 7.
313 1241 469 1282 Quocirca
498 1240 736 1275 venerabilibus
769 1241 921 1275 fratribus

172 1295 366 1329 Tornacensi
391 1300 423 1328 et
442 1294 597 1338 Brugeusi
617 1294 920 1338 episeopis‚aedile-

116 1345 122 1351 “
172 1354 225 1382 cto
241 1348 309 1382 filio
327 1359 497 1382 causarum
520 1348 634 1382 Curiae
656 1348 808 1381 Gamerae
836 1349 920 1391 Apo-

171 1401 306 1436 stolicae
324 1401 468 1446 generali
489 1401 629 1434 auditori
655 1410 714 1444 per
743 1401 920 1445 apostoliea

173 1455 293 1500 scripta
312 1455 502 1489 mandamus
526 1460 687 1498 quatenus
706 1454 766 1498 ipsi
787 1455 834 1487 vel
857 1454 920 1487 duo

173 1514 230 1542 aut
248 1519 332 1542 unus
351 1519 477 1549 eorum,
514 1519 573 1552 per
595 1519 628 1541 se
657 1508 706 1541 vel
740 1508 837 1540 alium
866 1519 920 1540 seu

174 1561 265 1604 alios,
286 1568 472 1606 praesentes
496 1562 621 1594 litteras
652 1567 683 1593 et
714 1561 745 1593 in
777 1561 821 1593 eis
850 1568 922 1594 eon-

176 1620 265 1650 tenta
283 1626 522 1660 quaecumque,
545 1614 600 1647 ubi
630 1619 660 1647 et
682 1614 813 1657 quando
841 1625 922 1658 opus

172 1669 284 1711 suerit,
305 1680 343 1702 ac
358 1669 483 1712 quoties
503 1678 561 1712 pro
582 1673 672 1711 parte
685 1667 824 1710 Philippi
840 1668 922 1711 regis

174 1733 212 1756 ac
230 1722 405 1767 praepositi
430 1726 461 1755 et
481 1720 615 1754 rectoris
640 1731 696 1753 seu
707 1721 921 1763 collegialium

174 1775 414 1820 praedictorum
437 1775 556 1807 suerint
576 1773 739 1817 requisiti,
768 1774 922 1807 solemni-

177 1834 226 1863 ter
247 1829 464 1873 publicantes,
487 1827 595 1871 eisque
616 1827 648 1859 in
665 1827 847 1870 praemissis
859 1828 923 1860 effi-

177 1883 262 1916 cacis
292 1881 487 1916 defensionis
514 1880 675 1926 praesidio
718 1881 920 1922 assistentes,

179 1936 296 1970 saciant
314 1936 508 1969 auctoritate
528 1941 638 1968 nostra
664 1941 848 1979 praesentes
874 1935 923 1967 lit-

179 1995 263 2024 teras
292 1994 325 2023 et
350 1989 383 2022 in
415 1988 459 2022 eis
489 1994 641 2022 contenta
672 1987 858 2021 huiusmodi
885 1988 923 2021 ab

178 2042 340 2083 omnibus,
369 2042 409 2075 ad
437 2052 518 2085 quos
550 2046 675 2085 spectat
704 2046 736 2074 et
767 2041 923 2085 spectabit

179 2095 425 2139 quomodolibet
443 2095 476 2128 in
510 2095 666 2135 futurum,
698 2094 925 2128 inviolabiliter

179 2149 360 2190 observari;
382 2148 532 2192 ipsosque
551 2148 737 2191 Philippum
759 2154 865 2190 regem
888 2159 923 2180 ae

181 2202 398 2247 praepositum
426 2207 455 2235 et
490 2207 648 2234 rectorem
674 2212 709 2233 ae
744 2200 924 2243 collegiales

157 2289 163 2296 ,
181 2255 357 2296 erectione,
377 2254 593 2295 institutione,
622 2253 837 2297 separatione,
860 2253 924 2285 dis-

182 2308 429 2349 membratione,
450 2308 583 2347 unione,
599 2307 790 2347 annexione,
821 2306 924 2350 appli-

182 2363 320 2402 catione,
340 2361 613 2406 incorporatione,
645 2361 770 2393 indulto
791 2360 925 2403 aliisque

182 2410 366 2455 praemissis
382 2410 533 2443 omnibus
554 2415 585 2442 et
602 2409 745 2451 singulis,
767 2408 855 2441 iuxta
872 2419 925 2440 ea-

183 2459 332 2493 rumdem
357 2458 576 2503 praesentium
606 2457 789 2490 litterarum
821 2458 924 2490 eonti-

183 2508 325 2541 nentiam
346 2513 379 2540 et
399 2513 556 2546 tenorem,
574 2506 707 2550 pacifice
728 2505 790 2539 frui
809 2511 926 2548 etgau⁶

185 2556 278 2598 dere,
318 2566 382 2589 non
415 2555 639 2599 permittentes
679 2565 732 2588 eos
772 2565 829 2587 sen
872 2565 925 2588 eo-

187 2613 257 2638 rum
295 2605 436 2649 aliquem
479 2603 618 2648 desuper
656 2613 714 2647 per
753 2611 926 2646 quoscum-

792 229 967 254 CREGORIUS
993 232 1045 254 xm
1071 232 1115 254 PP-

1611 220 1674 253 485¹»

971 293 1034 326 que
1073 283 1317 325 quomodolibet
1356 284 1499 316 indi-bito
1538 282 1715 322 molestari·,

972 335 1237 376 contradictores,
1258 337 1342 369 dieta
1373 337 1566 370 auctoritate
1586 342 1713 376 nostra,

970 388 1184 432 appellatione
1207 390 1394 433 postposita,
1407 389 1652 433 compescendo,
1664 400 1713 427 ac,

969 441 1120 485 legitimis
1136 453 1232 486 super
1252 442 1300 475 liis
1317 443 1473 476 habendis
1491 443 1622 476 servatis
1639 454 1713 487 pro-

969 494 1122 535 cessibus,
1146 495 1216 527 illos
1236 496 1714 540 sententias,censurasetpor-

968 558 1024 581 nas
1045 548 1129 591 ipsas
1148 547 1326 582 incurrisse
1348 549 1552 589 declarando,
1580 549 1713 592 illasque

968 601 1064 633 etium
1087 600 1210 634 iteratis
1239 601 1359 634 vicibus
1383 602 1593 645 aggravando,
1625 601 1712 635 invo-

968 661 1038 687 cato
1059 654 1156 687 etiam
1175 655 1213 687 ad
1235 655 1309 694 hoc,
1330 655 1355 687 si
1376 666 1457 698 opus
1472 655 1712 693 suerit,auxilio

969 708 1090 740 brachii
1110 707 1294 741 saecularis.
1317 708 1385 740 Non
1401 709 1601 741 obstantibus
1612 708 1711 752 priori

968 762 1130 794 iuluntate
1140 766 1249 794 nostra
1264 762 1480 804 praedieta,ae
1491 762 1711 796 Lateranensiz

967 814 1094 847 concita
1113 814 1284 847 novissime
1304 814 1468 853 celebrati,
1488 815 1623 849 uniones
1640 826 1711 859 per-

968 874 1089 911 petuas,
1112 867 1173 900 nisi
1193 868 1225 900 in
1257 868 1384 900 casibus
1404 878 1421 900 a
1441 867 1510 900 iure
1539 869 1710 912 permissis,

973 921 1034 954 ieri
1054 921 1276 965 prohibentis,
1299 932 1336 954 ac
1353 921 1452 954 felicis
1480 922 1710 956 recordationis

966 975 1117 1008 Bonisacii
1145 974 1249 1019 Papae
1277 975 1350 1016 Ylll,
1377 975 1631 1019 praedecessoris
1655 987 1711 1009 no-

964 1027 1033 1067 stri,
1055 1038 1118 1071 qua
1139 1033 1268 1061 cavetur
1288 1039 1327 1061 ne
1347 1028 1420 1071 quis
1436 1034 1523 1061 extra
1535 1039 1623 1061 suam
1638 1030 1710 1062 civi-

967 1087 1062 1115 tatem
1083 1082 1131 1115 rel
1149 1080 1405 1121 dioecesirn,nisi
1417 1080 1448 1113 in
1465 1081 1560 1114 certis
1570 1083 1709 1125 exceptis

964 1135 1102 1175 casibus,
1126 1140 1155 1168 et
1178 1135 1210 1167 in
1231 1135 1293 1167 illis
1314 1134 1398 1167 ultra
1418 1144 1514 1166 unam
1540 1134 1678 1168 diaetam
1692 1148 1709 1169 a

965 1188 1028 1221 tine
1047 1199 1123 1221 suae
1141 1188 1298 1221 dioecesis
1318 1187 1357 1220 ad
1373 1187 1529 1220 iudiciuin
1547 1195 1708 1227 evocetur,

964 1253 1020 1274 seu
1040 1252 1080 1275 ne
1101 1242 1225 1275 iudices
1250 1253 1266 1274 a
1292 1241 1371 1274 Sede
1392 1241 1556 1284 praedicta
1566 1241 1709 1285 deputati

965 1301 1052 1328 extra
1073 1295 1233 1328 civitatem
1260 1295 1307 1327 vel
1328 1294 1513 1333 dioecesim,
1536 1295 1568 1326 in
1593 1295 1710 1338 quibus

965 1348 1111 1391 deputati
1133 1349 1265 1387 suerint,
1284 1353 1396 1380 eontra
1406 1358 1628 1391 quoscumque
1639 1359 1713 1392 pro-

965 1403 1091 1442 cedere,
1117 1407 1173 1435 aut
1195 1401 1248 1434 alii
1269 1401 1317 1433 vel
1338 1401 1408 1433 aliis
1428 1401 1512 1434 vices
1533 1412 1605 1434 suas
1625 1412 1711 1434 eom-

966 1455 1094 1488 mittere
1114 1465 1245 1498 quoquo
1266 1454 1362 1487 niodo
1382 1460 1608 1498 praesumant,
1631 1456 1711 1488 etde

965 1509 1088 1541 duabus
1104 1508 1217 1542 diaetis
1237 1508 1269 1540 in
1291 1507 1428 1541 concilio
1453 1508 1595 1550 generali
1612 1509 1708 1548 edita,

965 1562 1140 1594 dummodo
1161 1562 1246 1594 ultra
1265 1567 1328 1594 tres
1339 1561 1459 1593 diaetas
1472 1561 1588 1604 aliquis
1599 1568 1710 1595 aucto-

966 1615 1060 1648 ritate
1080 1615 1299 1659 praesentium
1316 1614 1355 1646 ad
1367 1613 1520 1646 iudicium
1534 1623 1596 1647 non
1609 1615 1713 1647 traba-

966 1680 1039 1708 sur,
1062 1669 1197 1712 allisque
1218 1667 1507 1701 constitutionibus
1528 1675 1559 1700 et
1585 1668 1712 1701 ordina-

968 1723 1108 1755 tionibus
1137 1723 1344 1767 apostolicis,
1370 1732 1496 1755 necnon
1524 1721 1711 1755 monasterii

967 1783 995 1809 et
1019 1775 1145 1810 Ordinis
1165 1776 1406 1819 praedictorum
1423 1776 1618 1816 iuramento,
1634 1786 1711 1808 eon-

968 1829 1149 1863 firmatione
1170 1830 1347 1872 apestolica
1367 1829 1415 1861 rel
1436 1829 1546 1871 quavis
1558 1829 1712 1862 firmitate

967 1883 1028 1915 alia
1044 1882 1212 1922 roboratis,
1227 1883 1353 1915 statutis
1366 1881 1710 1922 &consuetudinibus

968 1936 1142 1980 privilegiis
1157 1947 1299 1979 quoque,
1323 1935 1454 1967 indultis
1467 1942 1498 1968 et
1510 1935 1626 1968 litteris
1637 1946 1713 1978 apo-

968 1989 1100 2029 stolicis,
1129 1989 1192 2021 illis
1221 1999 1397 2031 eorumque
1434 1988 1655 2031 superioribus
1682 1995 1714 2021 et

969 2043 1125 2086 personis,
1145 2042 1203 2075 sub
1223 2042 1483 2085 quibuscumque
1504 2041 1670 2074 tenoribus
1683 2047 1713 2074 et

971 2096 1091 2136 formis,
1113 2106 1149 2128 ae
1167 2106 1239 2127 eum
1261 2095 1435 2137 quibusvis,
1458 2094 1554 2127 etiam
1581 2095 1714 2137 deroga-

971 2149 1127 2182 toriarum
1148 2147 1368 2188 derogaturus,
1389 2148 1524 2190 aliisque
1554 2148 1714 2181 efficacio-

971 2203 1059 2235 ribus
1079 2208 1108 2234 et
1130 2201 1265 2233 insolitis
1296 2201 1459 2239 clausulis,
1488 2211 1614 2233 necnon
1639 2201 1713 2234 irri-

972 2255 1113 2288 tantibus
1133 2260 1163 2287 et
1182 2253 1252 2286 aliis
1269 2253 1416 2293 decretis,
1426 2254 1458 2285 in
1478 2264 1595 2296 genere
1615 2254 1662 2287 vel
1681 2254 1714 2287 in

970 2308 1089 2351 specie,
1100 2318 1115 2340 e
1122 2307 1195 2339 tiam
1212 2306 1250 2339 ad
1261 2306 1476 2350 imperatoris,
1486 2316 1611 2348 regum,
1629 2307 1714 2350 regi-

971 2370 1095 2399 narum,
1117 2359 1236 2391 ducum
1252 2365 1283 2391 et
1304 2359 1439 2391 aliorum
1462 2358 1643 2402 principum
1664 2359 1715 2392 in-

970 2409 1118 2441 stantiam
1139 2408 1184 2440 vel
1207 2407 1524 2450 contemplationem,
1542 2418 1599 2441 seu
1618 2408 1715 2441 etiam

972 2463 1061 2489 motu
1082 2462 1113 2489 et
1133 2455 1269 2489 scientia
1290 2455 1460 2495 sii‘nilibus,
1474 2456 1716 2490 eteonsistoria-

971 2506 1045 2538 liter
1061 2516 1097 2537 ac
1112 2504 1189 2537 alias
1209 2504 1464 2547 quomodolibet,
1477 2505 1573 2538 etiam
1593 2505 1716 2538 iteratis

973 2554 1102 2593 vicibus,
1115 2552 1210 2585 etiam
1222 2565 1258 2586 su
1263 2564 1319 2596 per
1330 2553 1511 2596 provisione
1523 2560 1556 2596 et
1567 2565 1622 2587 seu
1637 2565 1716 2598 prze·

974 2602 1109 2636 sectione
1133 2601 1172 2634 de
1192 2601 1280 2635 dicto
1301 2602 1509 2642 monasterio,
1536 2612 1592 2635 seu
1627 2613 1716 2645 prae-

1733 228 1784 256 ΑΗ..
1802 227 1829 256 C.
1849 228 1913 257 1582
