2059 3228
779 230 874 255 ianm<
898 229 1004 255 annun
1524 215 1604 257 '1041

121 283 270 326 Civitates
292 286 323 316 et
342 281 405 315 alia
424 282 494 316 loca
513 277 603 316 SjR.
625 281 787 316 Ecclesiae
807 283 943 316 vendere
963 288 1017 315 aut
1037 283 1105 325 lege
1125 283 1268 325 vectigali
1301 283 1338 316 ad
1366 284 1483 317 tributa
1510 285 1653 318 alienare

135 368 140 373 ,
191 335 313 369 -vetuit
331 335 405 369 Pius
425 336 460 376 V,
482 336 519 369 tt
543 336 571 369 b.
593 335 766 379 Gregorius
784 335 850 369 Xlll
870 335 940 368 eius
959 336 1223 369 constitut-ionem
1245 338 1424 377 ‹rentii-mat,
1444 337 1485 370 1⁶2
1505 349 1536 370 a.

117 387 238 422 Clerici
255 389 417 431 regulares
441 388 473 421 S.
493 388 582 422 Pauli
607 388 772 421 Decollati.
804 388 833 421 V.
857 387 945 420 Pauli
968 387 1030 430 (S.)
1049 388 1212 421 Dccollati.

121 438 340 475 ¹Clericomm.
362 441 579 474 saccularium
599 441 806 484 congregatio
823 441 860 473 dc
881 439 1029 474 oratorio
1050 447 1234 484 nuncupata
1251 453 1268 473 :i
1282 442 1432 485 Philippo
1452 442 1546 475 Nerio
1564 434 1661 475 insti-¹

135 490 137 493 ’
211 494 314 527 tuitur
334 494 367 526 in
387 494 523 527 ecclesia
541 494 676 527 Sanctae
697 493 814 526 Mariae
833 493 871 525 dc
884 493 1047 525 Vallicella
1059 494 1097 525 de
1111 494 1206 531 Urbe,
1222 494 1278 526 541
1300 495 1329 533 b3
1345 495 1439 537 eique
1458 496 1653 538 parochialis

211 546 349 579 ecclesia
369 546 534 590 praedicta
553 557 627 579 cum
647 547 799 579 omnibus
811 545 878 578 suis
892 545 986 578 bonis
1001 551 1030 579 et
1052 546 1177 579 iuribus
1197 548 1391 590 applicatur,
1414 547 1477 580 542>
1497 549 1533 586 bf,
1557 549 1654 580 t'acul-

212 604 325 643 tasquc
337 598 526 632 conceditur
535 599 758 632 ordinationes
767 609 824 641 pro
836 597 956 630 salubri
967 603 1049 631 statu
1060 609 1118 631 suo
1131 600 1291 632 conilendi
1302 606 1332 631 et.
1341 600 1609 639 iininutandibta
1619 612 1651 633 a.

120 646 318 694 ‘Collegium
339 651 373 684 V.
388 651 615 693 Anglicanurm
633 652 809 694 Anglorum
823 650 966 690 lemis,
981 651 1220 691 Armeniorum,
1237 653 1477 685 Bonaventurae
1491 653 1564 695 (S.),
1581 653 1655 685 Bor-

212 713 420 736 romaeorum
441 703 569 747 Papiae,
592 703 743 736 Gamerae
764 702 969 746 apostolicae,
985 703 1173 743 Cantorum,
1195 704 1440 741 Germanicum,
1462 705 1651 745 Grecorum,

211 755 433 789 Helvetiorum
453 761 483 788 et
502 755 691 789 Rhetiorum
708 757 890 796 Mediolani,
908 756 1091 801 Hieronymi
1110 756 1172 799 (S.)
1191 757 1227 789 de
1246 757 1396 790 Esmtrial
1411 757 1652 800 Hispaniarum,

212 808 449 851 Hungaricum,
467 809 712 847 Mamnitarum,
735 811 849 843 illontis
880 811 933 844 alti
953 810 1130 849 Bononiae,
1157 809 1388 853 Neophitorum
1415 811 1653 843 adolescentum

212 860 476 902 ecclesiasticum,
488 862 707 902 Notariorum,
725 863 986 904 Procuratdrum,
1004 863 1186 897 Puellarum
1210 867 1240 895 et
1259 863 1428 896 viduarum
1448 864 1654 895 honestarum

213 923 405 956 pauperum,
433 913 570 957 Spiritus
595 913 656 955 (S.)
682 921 711 946 ct
732 915 968 958 purificationis
994 915 1027 948 B.
1055 915 1092 947 M.
1124 914 1308 947 Elborensis
1332 921 1363 947 et
1390 915 1550 959 hospitale
1581 919 1653 954 aec„

215 965 526 1009 Mussipontanense,
549 967 650 999 etc.V.
674 967 842 1000 Societatis
862 969 942 1001 lesu.

124 1013 407 1052 'commissariatus
435 1019 471 1051 R.
499 1018 532 1052 C.
562 1020 598 1052 A.
631 1021 791 1060 generalis
817 1021 849 1053 in
877 1021 1019 1053 officium
1044 1026 1237 1064 perpetuum
1267 1025 1297 1052 et
1320 1020 1461 1053 vacabile
1489 1020 1528 1052 ad
1558 1021 1658 1052 instar

214 1069 355 1103 aliorum
375 1070 539 1103 Romanae
558 1071 673 1104 Curiae
699 1072 879 1105 officiorum
906 1073 1050 1114 erigitur,
1071 1071 1133 1105 777
1159 1083 1189 1105 α.
1212 1072 1246 1104 Ei
1267 1083 1345 1105 cura
1373 1072 1586 1105 demandatur
1605 1083 1657 1104 ar-

212 1123 313 1156 chivii
343 1124 577 1168 scripturarum
597 1125 748 1158 Gamerae
777 1126 1000 1169 Almstolicae,
1028 1126 1107 1158 ibid.
1139 1126 1167 1158 b.
1202 1125 1385 1158 Iurisdictio
1412 1125 1444 1158 in
1475 1126 1656 1158 detinentes

215 1175 392 1219 scripturas
406 1176 570 1217 Gamerae,
594 1177 732 1210 seientes
752 1184 779 1210 et
802 1189 867 1211 non
882 1180 1070 1217 revelantes,
1087 1177 1149 1211 778
1170 1189 1199 1211 a.
1215 1178 1439 1210 Emolumenta
1460 1188 1587 1210 necnon
1604 1188 1654 1210 sa-

213 1226 298 1261 'laria
316 1234 347 1261 et
370 1229 491 1271 regalia
511 1231 605 1262 solita
624 1231 752 1270 dantur,
772 1231 849 1263 ibid.
868 1231 1132 1264 Referendarium
1158 1231 1327 1273 utriusque
1353 1231 1537 1273 signatur-ac
1553 1231 1659 1273 ipsum

219 1281 478 1314 commissarium
500 1287 587 1315 creat
605 1282 746 1315 Pontifex
768 1284 862 1326 eique
883 1285 983 1316 multa
1004 1284 1168 1327 privilegia
1198 1284 1318 1324 tribuit,
1338 1284 1415 1316 ibid.
1438 1284 1465 1316 b.
1496 1284 1659 1317 lndultum

213 1333 304 1367 circa
323 1334 506 1378 pensiones,
529 1334 591 1368 779
612 1346 642 1368 α.
665 1336 816 1368 Habitum
837 1342 867 1369 et
887 1337 994 1369 locum
1016 1336 1049 1368 in
1068 1335 1201 1369 Camera
1220 1342 1252 1368 et
1277 1336 1403 1369 actibus
1428 1336 1656 1377 cameralibus,

218 1385 523 1430 visitationibusquc
543 1398 710 1420 carcerum
732 1393 762 1420 et.
781 1389 905 1431 capella
929 1394 956 1420 et
985 1388 1183 1421 consistoriis
1211 1393 1241 1420 et
1260 1388 1333 1421 aliis
1361 1388 1484 1421 actibus
1521 1388 1674 1432 publicis

216 1439 371 1482 assignat,
388 1440 466 1472 ibid.
490 1440 517 1471 b.
535 1440 762 1483 Expeditiones
779 1451 837 1484 pro
855 1441 1079 1474 commissario
1093 1441 1190 1483 gratis
1206 1441 1274 1473 fieri
1297 1441 1403 1479 iubet,
1423 1442 1501 1474 ibid.
1524 1441 1662 1475 lattredo

218 1491 400 1526 Lumellino
420 1493 457 1525 U.
480 1493 511 1525 S.
534 1493 754 1526 referendario
774 1494 916 1526 officium
937 1494 1211 1527 commissariatus
1231 1505 1304 1527 eum
1326 1494 1611 1528 iurisdictionibus
1633 1499 1663 1526 et

220 1547 450 1582 emolumentis
469 1547 640 1591 praedictis
668 1548 707 1580 ad
735 1548 803 1581 eius
823 1549 917 1580 vitam
942 1549 1102 1588 concedit,
1129 1547 1193 1581 784
1218 1560 1247 1581 α.
1276 1548 1427 1582 Gamerae
1455 1549 1659 1592 Apostolicae

220 1599 398 1644 scripturas
426 1611 491 1633 non
519 1600 723 1633 restituentes
750 1606 804 1633 aut
828 1602 1014 1642 revelantes,
1046 1612 1064 1634 a
1090 1601 1310 1634 commissario
1335 1601 1479 1634 eiusdem
1509 1601 1663 1634 Gamerae

223 1652 351 1696 poenis,
380 1653 498 1696 quihus
518 1654 615 1692 sureS,
651 1660 883 1691 coerceantur,
915 1653 978 1687 840
1002 1665 1033 1687 a.
1064 1654 1280 1687 Confirmatur
1309 1654 1399 1686 bulla
1434 1654 1480 1687 Pii
1502 1655 1524 1687 V
1553 1661 1676 1687 contra

226 1706 369 1748 eosdem,
392 1705 451 1739 841
474 1717 505 1738 a.
1677 1750 1680 1755 Ι

134 1758 390 1793 communitates
408 1764 507 1792 status
527 1759 735 1793 ecclesiastici
759 1770 817 1803 pro
838 1760 909 1792 aliis
934 1760 1096 1802 obligatae
1122 1760 1205 1793 infra
1230 1771 1351 1793 annum
1377 1771 1394 1793 a
1414 1761 1466 1794 die
1494 1761 1682 1793 denuntia--

226 1812 324 1845 tionis
335 1812 525 1852 liberentur,
550 1812 611 1845 759
625 1824 656 1845 α.
672 1812 704 1845 Si
724 1812 937 1855 obligationes
957 1813 1098 1855 extingui
1113 1818 1275 1856 nequeant
1294 1825 1312 1845 a
1331 1813 1530 1846 debitoribus
1543 1814 1669 1847 idoneis

226 1865 421 1898 revelatores
441 1865 558 1897 dentur
573 1865 869 1905 communitatibus,
889 1866 963 1898 ibid.
987 1866 1016 1897 I).
1038 1865 1292 1899 Communitates
1312 1873 1344 1899 et
1367 1866 1579 1909 particulares
1598 1876 1669 1909 per—

227 1922 328 1950 sonae
347 1917 522 1960 praemissa
542 1928 636 1960 agere
647 1918 773 1950 valeant
792 1918 991 1962 iudicesque,
1010 1919 1105 1951 unica
1121 1919 1271 1951 citatione
1292 1919 1521 1962 praecedente,
1537 1919 1670 1951 manda-

226 1975 296 2003 tum
318 1970 517 2004 executivum
534 1976 604 2014 post
623 1981 745 2003 annum
766 1982 783 2004 a
803 1971 853 2003 die
873 1971 1133 2004 denunciationis
1159 1972 1383 2014 exequendum
1404 1973 1557 2013 relaxent,
1577 1977 1673 2016 atque

229 2023 263 2056 isi
283 2023 441 2065 futurum,
464 2025 583 2066 absque
603 2024 733 2057 licentia
750 2025 837 2057 bona
855 2025 996 2057 alienare
1015 2025 1076 2060 vel.
1094 2031 1220 2067 praeter
1239 2035 1336 2068 quam
1355 2025 1479 2058 ratione
1500 2026 1673 2059 locationis

232 2082 264 2109 et
286 2087 353 2110 non
379 2077 465 2110 ultra
489 2077 683 2109 decennium
700 2103 708 2118 ,
735 2077 878 2120 obligare
904 2082 1085 2120 nequeant,
1115 2071 1177 2113 761]
1201 2088 1232 2117 a3
1262 2088 1321 2111 nec
1352 2078 1422 2110 eius
1452 2083 1596 2111 oratores
1635 2079 1675 2112 ad

230 2128 419 2162 Pontificem
449 2129 634 2172 sumptibus
658 2129 795 2172 publicis
819 2129 889 2163 sine
916 2129 1045 2162 licentia
1075 2129 1155 2162 mitti
1176 2130 1255 2163 ibid.
1283 2131 1310 2163 b.
1333 2130 1381 2163 Pii
1408 2131 1444 2163 IV
1464 2131 1591 2164 litterae
1615 2141 1676 2164 nec

231 2191 299 2214 non
323 2187 440 2214 statuta
462 2182 552 2215 Urbis
572 2182 605 2214 in
625 2192 683 2214 suo
704 2182 821 2214 robore
841 2187 1062 2225 permaneant,
1089 2181 1145 2215 7611
1176 2193 1206 2214 α.

145 2234 281 2268 Concilii
305 2233 483 2268 Tridentini
503 2235 709 2277 congregatio
735 2245 792 2278 pro
817 2235 959 2268 eiusdem
981 2235 1241 2278 interpretatione
1271 2242 1301 2268 et
1328 2235 1514 2269 executione
1533 2236 1678 2270 instituta

150 2326 153 2327 ⁷
235 2297 253 2320 a
277 2287 363 2321 Sixto
383 2288 406 2320 V
427 2287 640 2320 confirmatur
660 2298 732 2319 eum
754 2287 966 2330 explicatione
987 2287 1131 2320 muneris
1151 2288 1376 2328 cardinalium,
1399 2288 1457 2321 0911
1483 2289 1500 2321 b
1521 2295 1551 2321 et
1569 2300 1631 2332 seq.

148 2339 364 2380 Confessores‚
385 2340 415 2372 vi
437 2339 677 2383 privilegiorum
704 2339 870 2373 Cruciatae
897 2340 1031 2373 Sanctae
1051 2340 1201 2383 eligendi,
1236 2340 1398 2373 neminem
1428 2341 1467 2373 ab
1491 2341 1623 2374 incursu
1648 2347 1679 2376 et

238 2393 330 2436 lapsu
352 2392 384 2425 iu
404 2393 563 2426 haeresim
581 2393 744 2426 absolvere
764 2395 898 2435 possint,
925 2392 988 2426 ’145
1002 2404 1023 2425 α,

149 2445 335 2479 Consatonis
366 2445 610 2478 confraternitas
634 2445 980 2478 Recommendatorum
1005 2446 1038 2478 B.
1067 2446 1184 2478 Mariae
1208 2446 1345 2489 Virginis
1365 2447 1403 2479 ab
1429 2457 1514 2480 anno
1534 2457 1679 2487 mcctxiv,

240 2497 360 2530 Romae
376 2497 520 2530 instituta
539 2498 648 2530 multis
667 2497 840 2541 privilegiis
860 2509 879 2531 a
898 2497 1107 2531 Pontificibus
1127 2499 1278 2539 donatur,
1300 2498 1364 2532 446
1381 2511 1411 2532 cc.
1433 2501 1458 2532 A
1478 2500 1686 2533 seorim-en-

240 2556 314 2584 tura
336 2551 509 2593 quamdam
542 2551 712 2594 specialem
741 2561 894 2584 coronam
922 2562 980 2595 pro
1012 2552 1108 2584 modo
1133 2552 1246 2585 orandi
1274 2552 1406 2592 obtinet,
1428 2554 1506 2586 ibid.
1529 2554 1564 2593 b;
1589 2559 1686 2597 atque

242 2603 380 2646 copiosis
400 2602 609 2645 indulgentiis
630 2603 751 2636 ditatur
771 2615 787 2637 a
812 2614 938 2637 summo
959 2604 1114 2637 Pontifice
1139 2605 1305 2648 Gregorio,
1327 2606 1405 2645 Xlll,
1421 2607 1498 2640 ibid.
1521 2612 1551 2640 et
1574 2618 1637 2650 seq.

273 2656 348 2685 Bult.
371 2655 448 2685 Rom.
474 2656 528 2685 Vol.
559 2655 630 2685 VIII.
1279 2658 1327 2688 131
