2059 3228
53 299 62 309 .
78 278 147 308 1³78

52 910 128 933 nub.

754 289 931 315 GREGORIUS
948 290 1006 314 xm
1024 290 1074 314 PP-

154 345 211 381 tre,
235 339 386 373 fratribus
409 346 437 374 et
465 342 607 384 personis
630 352 701 377 vere
724 343 894 386 proximio-

154 393 241 427 ribus
263 393 335 426 data
359 399 389 427 et
420 400 574 437 porrecta,
604 395 664 428 sint
700 401 730 429 et
753 406 818 428 esse
842 394 894 428 de-

156 445 260 485 beant,
284 446 490 480 matrimonio
521 453 621 481 morte
652 449 711 481 viri
735 449 893 488 dissoluto,

155 498 327 531 haeredum
351 498 449 542 ipsius
467 501 583 542 mariti,
600 501 688 534 cuins
705 501 894 544 contempla-

151 551 238 585 tione
271 551 343 584 data
379 552 521 593 suerunt,
562 559 763 596 pacterqnam
798 563 893 595 parva

151 603 213 645 itta,
237 614 317 648 quae
342 604 463 638 dantur
486 616 502 638 a
527 605 770 647 consangnineis
794 609 822 637 ct
847 608 893 636 at-

152 656 327 690 tinentibus
352 658 579 691 remotioribus
603 658 660 690 rii-i
686 657 718 689 in
743 662 815 689 actu
839 655 891 688 de-

151 709 461 753 sponsationis,quac
476 711 567 753 vulgo
579 710 729 742 dicuntur
742 709 790 741 La
802 717 891 739 nean—

149 761 201 794 cia
223 761 297 795 delli
315 764 453 805 parenti.

192 814 208 857 ἓ
231 813 283 848 27.
301 815 389 855 Item,
405 816 489 860 quod
505 815 587 859 patri
605 821 632 847 et
651 814 745 847 matri
762 813 809 845 vel
821 812 890 844 aliis

107 868 317 912 „praedictis
340 880 376 902 ex
399 875 487 913 parte
522 878 654 912 sponsae
689 876 753 899 non
787 864 887 903 liceat,

147 921 258 965 quovis
282 922 425 965 quaesito
453 922 566 961 colore,
598 931 654 953 nec
678 918 775 963 possit
798 916 888 950 resti-

148 977 248 1013 tuere,
271 973 339 1006 loco
363 973 502 1006 muneris
526 971 744 1010 seunianciae,
761 968 886 1011 aliquod

149 1023 344 1065 donativum,
368 1031 462 1068 prout
486 1025 578 1058 hodic
613 1029 755 1062 utuntur,
781 1021 887 1053 videli-

145 1081 193 1109 cet
217 1077 374 1118 camisias,
397 1078 523 1111 sudaria
548 1089 601 1110 scu
632 1074 832 1118 sringatoriaz
856 1077 886 1105 et

147 1129 252 1163 minus
276 1131 408 1163 maritus
432 1131 578 1163 affinibus
594 1130 720 1171 caligas,
744 1125 885 1170 crepidas

143 1185 174 1214 et
196 1181 273 1215 alias
296 1192 356 1223 res,
380 1183 439 1216 sub
462 1193 564 1227 poena
587 1188 748 1216 scutorum
772 1178 884 1221 viginti

145 1232 299 1277 quinque,
322 1240 357 1267 ut
374 1246 469 1278 supra
486 1235 755 1279 applicandorum;
779 1237 809 1264 et
826 1231 885 1263 mi-

143 1285 203 1317 nus
225 1286 396 1320 comitativi
422 1289 528 1331 sponsi
552 1289 598 1321 vel
615 1287 665 1320 alii
685 1297 741 1330 pro
758 1285 802 1318 eis
815 1296 886 1328 pos-

141 1335 206 1369 sint
229 1338 276 1370 vel
299 1339 435 1373 debeant
457 1347 583 1384 portare
597 1341 629 1373 in
648 1341 776 1373 domum
793 1349 885 1381 spon-

141 1397 194 1421 sae
223 1390 344 1433 aliquas
378 1393 504 1436 caligas,
536 1394 646 1427 calsias
680 1391 884 1435 crepidasque

141 1440 289 1476 affinibus
312 1444 441 1486 dandas;
477 1452 508 1480 et
530 1457 547 1480 e
581 1455 739 1485 converso,
772 1454 884 1487 sponsa

142 1503 207 1528 non
229 1498 329 1540 possit
351 1509 409 1533 nec
433 1501 542 1534 debeat
568 1501 600 1533 in
625 1500 753 1533 domum
777 1498 882 1541 sponsi

143 1555 198 1579 seu
221 1549 328 1582 mariti
353 1562 463 1594 gerere
481 1554 573 1586 alicui
591 1553 628 1586 de
644 1553 711 1586 eius
728 1553 820 1585 domo
837 1551 883 1583 vel

140 1597 210 1631 aliis
232 1605 478 1646 consanguineis
517 1611 544 1639 et
582 1606 729 1639 affinibus
764 1605 881 1636 donum

143 1651 280 1696 aliquod,
304 1661 340 1689 ut
363 1659 520 1700 camisias,
537 1659 664 1692 sudaria
682 1669 737 1691 scu
759 1657 882 1698 seiuga-

138 1703 222 1737 toria
245 1711 275 1739 et
292 1707 417 1752 similia,
434 1717 562 1755 excepto
574 1713 651 1752 viro,
669 1711 727 1744 sub
742 1710 803 1743 iam
818 1709 881 1742 dic-

139 1755 181 1790 tis
201 1760 323 1802 poenis,
346 1768 382 1796 ut
405 1775 500 1808 supra
524 1765 728 1809 applicandis.

182 1809 198 1853 ἓ
221 1810 274 1846 28.
297 1814 425 1849 Necnon
449 1817 483 1850 in
506 1819 704 1851 restitutione
722 1818 803 1851 dotis
819 1827 880 1849 ser-

76 1865 230 1903 vastetur
253 1864 418 1910 dispositio
452 1870 532 1904 iuris
566 1871 744 1904 communis
779 1870 881 1913 quoad

139 1924 280 1952 annuum
304 1921 452 1965 legatum,
475 1935 540 1958 non
564 1922 707 1958 obstante
731 1934 880 1967 quacum-

140 1979 202 2013 que
239 1976 466 2009 consuetudine
501 1977 669 2018 contraria,
705 1978 751 2010 vel
786 1977 879 2009 etiam

139 2021 339 2066 stipulatione
362 2029 459 2061 annui
478 2030 581 2072 leg-ati,
599 2041 679 2074 quae
695 2031 878 2073 plerumque

139 2078 311 2120 apponitur
332 2082 476 2123 partibus
501 2083 617 2123 insciis,
636 2094 693 2116 nec
709 2083 772 2115 vim
789 2083 878 2115 dero-

138 2128 276 2171 gationis
299 2134 581 2169 considerantibus.

179 2183 270 2226 529.
293 2186 329 2219 Et
360 2187 499 2233 insuper,
527 2190 567 2222 ad
601 2190 736 2222 tollenda
771 2187 876 2228 dubia,

30 2245 219 2297 sshzffquae
242 2239 320 2272 oriri
344 2248 471 2284 possent
487 2243 570 2276 circa
583 2243 875 2286 interpretationem

136 2291 244 2324 statuti
269 2293 371 2326 dictae
395 2295 529 2328 civitatis
552 2297 644 2339 positi
671 2297 701 2329 in
726 2298 806 2329 libro
830 2307 875 2328 se-

134 2345 249 2385 cundo,
262 2345 320 2378 sub
336 2346 426 2380 titulo
442 2348 487 2380 De
502 2349 623 2381 dotibus
639 2354 665 2382 et
682 2351 794 2382 dolans
807 2362 875 2383 νηη-

134 2397 284 2438 lieribus,
309 2398 436 2432 rubrica
460 2411 533 2434 cxlx
556 2403 659 2444 quoad
683 2403 874 2445 praedictam

135 2455 258 2492 partem
283 2450 357 2483 dicti
382 2452 501 2492 statuti,
517 2453 661 2487 videlicet
678 2466 695 2487 a
719 2455 875 2497 principio

138 2513 237 2547 usque
260 2504 300 2536 ad
324 2504 430 2545 tinem,
455 2509 481 2537 et
504 2506 532 2537 si
555 2508 670 2539 malici·
689 2510 796 2550 plures
819 2509 876 2540 lm—

135 2556 235 2589 buerit
257 2558 383 2599 fratres,
407 2558 552 2591 addimus
576 2559 650 2592 illud
674 2561 739 2592 sore
764 2561 876 2593 intelli-

137 2609 272 2650 gendum
299 2610 331 2643 in
355 2611 503 2643 omnibus
528 2616 558 2644 et
582 2622 638 2654 per
660 2613 766 2644 onmia
781 2619 871 2655 prout

138 2665 370 2708 intelligebatur
394 2670 544 2698 statutum
561 2670 657 2703 vetus:
674 2670 702 2697 et
721 2664 758 2697 dc
782 2665 875 2698 verbo

1566 280 1585 312 2
1596 280 1629 313 ⁷45]

923 343 961 376 ad
985 343 1125 382 verbum,
1155 349 1249 385 prout
1280 343 1361 376 idem
1399 348 1550 377 statutum
1581 349 1667 378 vetus

923 395 1119 437 loquebatur,
1144 400 1296 428 statutum
1313 407 1428 429 novum
1446 397 1478 428 in
1495 396 1665 439 pristinum

923 452 1036 479 statum
1061 452 1092 480 et
1115 457 1241 479 sensum
1267 448 1450 481 restituatur
1481 454 1511 481 ct
1534 459 1592 492 pro
1616 460 1667 481 rc-

922 499 1029 531 stituto
1053 499 1090 532 de
1125 504 1229 532 cetero
1268 501 1422 533 habeatur
1457 513 1492 534 ac
1523 502 1548 535 si
1573 513 1664 535 num-

922 561 1015 592 quam
1041 556 1196 584 mutatum
1220 552 1336 591 suisset,
1361 559 1390 585 et
1416 554 1498 586 iuxta
1523 559 1663 586 tenorem

922 604 1053 646 antiqui,
1079 604 1187 637 debeat
1214 604 1245 635 in
1278 604 1418 637 futurum
1451 607 1489 638 ab
1514 607 1663 639 omnibns

921 656 1048 696 servari,
1072 657 1162 689 cuius
1186 656 1308 700 antiqui
1333 663 1362 689 ct
1388 663 1419 690 ut
1444 669 1538 701 supra
1556 659 1663 692 obscr-

921 708 1011 740 vandi
1051 708 1158 741 statuti
1197 720 1295 752 usquc
1330 710 1368 742 ad
1404 711 1523 744 dictum
1557 712 1661 751 tinem,

920 764 945 792 et
968 761 996 792 si·
1021 762 1143 801 mulier,
1161 772 1196 794 ex
1213 761 1362 804 originali
1381 763 1561 796 authentico
1575 775 1659 796 sum-

920 811 962 853 pti
989 817 1078 844 tenor
1102 813 1170 846 talis
1205 819 1260 853 cst,
1298 814 1441 847 videlicet
1475 816 1519 847 Dc
1541 817 1662 848 dotibus

917 868 942 895 vl
967 865 1079 897 dolatis
1103 866 1300 906 mzdimibus,
1325 866 1452 899 rubrica
1477 878 1562 900 cxni.

1683 282 1736 309 An.
1756 281 1784 308 C.
1805 282 1870 308 1578

960 918 1035 957 §.3st
1045 919 1130 958 Item,
1144 918 1311 951 statuimus
1325 923 1352 951 ct
1369 919 1552 951 ordinamus
1566 922 1660 963 qnod,
1696 930 1774 950 nunes
1787 932 1858 951 anm,

1654 957 1657 961 '
1670 957 1860 977 admuntisexvlu-

917 969 939 1000 si
965 970 1068 1013 aliqua
1095 971 1208 1003 mulier
1232 971 1324 1004 suerit
1350 973 1396 1004 vel
1428 973 1486 1005 crit
1511 973 1616 1006 dotata
1642 984 1726 1005 :ivmur
1757 985 1856 1003 naen-u-

1629 1026 1634 1030 ,
1668 1012 1708 1027 trite
1725 1010 1797 1029 favore
1812 1017 1857 1030 uia.-

917 1028 1003 1064 patre
1027 1024 1073 1056 vel
1097 1029 1196 1056 matre
1220 1024 1266 1056 vel
1290 1034 1346 1056 avo
1370 1030 1500 1067 paterno
1518 1026 1564 1057 vel
1589 1036 1783 1058 {thss=‹utorum.

916 1082 1044 1119 paterna
1075 1078 1121 1110 vel
1151 1082 1293 1109 materna
1325 1077 1372 1109 vel
1406 1077 1501 1110 fratrc
1540 1078 1655 1109 carnali

915 1130 960 1162 vel
983 1134 1096 1172 patruo
1119 1130 1247 1169 carnali,
1283 1139 1346 1162 non
1377 1129 1471 1172 possit
1499 1129 1564 1172 ipsa
1590 1141 1656 1161 mn-

915 1183 970 1215 licr
994 1183 1109 1222 dotata,
1134 1193 1191 1215 nec
1226 1183 1449 1216 descendentes
1477 1194 1512 1215 ex
1536 1193 1581 1223 ea,
1607 1194 1653 1215 re-

914 1234 990 1266 verti
1015 1235 1054 1267 ad
1089 1235 1317 1268 haereditatem
1352 1236 1397 1268 vel
1427 1235 1654 1268 successionem

914 1287 1146 1329 praedictorum
1171 1289 1218 1320 vel
1241 1287 1373 1321 alicuius
1408 1298 1518 1321 eorum
1543 1289 1651 1321 dotan-

916 1338 993 1371 tium
1030 1341 1077 1373 vel
1111 1351 1175 1373 non
1218 1341 1395 1374 dotantium
1440 1342 1486 1374 vei
1525 1342 1653 1374 descen-

914 1392 1054 1425 dentium
1079 1393 1119 1426 ab
1142 1393 1261 1426 eisdem
1284 1394 1331 1427 vel
1347 1394 1451 1437 aliquo
1475 1395 1652 1438 praedicto—

914 1456 983 1478 rum
1007 1457 1063 1489 per
1086 1447 1201 1480 lineam
1237 1447 1455 1487 masculinam,
1490 1458 1654 1490 quousque

913 1498 1120 1540 supervixerit
1142 1499 1257 1543 aliquis
1273 1500 1428 1532 masculus
1445 1499 1604 1542 legitimus
1620 1506 1650 1532 et

914 1551 1063 1583 naturalis
1087 1552 1124 1585 de
1136 1552 1306 1595 praedictis
1322 1553 1369 1585 vel
1386 1553 1491 1596 aliquo
1508 1553 1650 1595 ipsorum

913 1604 955 1635 vel
979 1614 1089 1636 eorum
1113 1604 1376 1638 descendentibus¹
1399 1605 1439 1637 ab
1463 1605 1579 1638 eisdem
1603 1607 1651 1638 vel

911 1655 1015 1698 aliquo
1039 1656 1274 1699 praedictorum
1290 1667 1348 1700 per
1363 1657 1479 1690 lineam
1503 1658 1648 1691 masculi-

911 1719 994 1749 nam;
1020 1710 1043 1742 si
1068 1720 1142 1743 vero
1158 1709 1253 1743 suerit
1271 1709 1379 1743 dotata
1393 1709 1433 1742 ab
1452 1720 1508 1742 avo
1521 1711 1567 1742 vel
1584 1710 1653 1742 avia

912 1762 1070 1802 maternis,
1106 1772 1169 1795 non
1203 1762 1301 1805 possit
1335 1762 1418 1795 dicta
1453 1763 1566 1795 mulier
1594 1773 1651 1795 nec

911 1815 1132 1848 descendentes
1154 1825 1190 1848 ex
1214 1826 1250 1848 ea
1274 1815 1388 1848 reverti
1413 1815 1452 1848 ad
1476 1815 1651 1848 haeredita-

911 1873 973 1900 tem
989 1872 1020 1899 et
1036 1867 1265 1900 successionem
1280 1867 1422 1911 ipsorum
1439 1868 1487 1900 avi
1504 1869 1550 1901 vel
1566 1868 1651 1900 aviae

910 1925 1126 1952 maternorum
1144 1920 1322 1953 dotantium
1338 1921 1386 1953 vel
1398 1931 1461 1953 non
1475 1921 1650 1953 dotantium

909 1973 1012 2012 quoad
1030 1973 1245 2015 superveniret
1263 1975 1272 1991 ¹
1298 1973 1411 2016 aliquis
1425 1974 1579 2006 masculus
1603 1974 1651 2018 ip-

908 2034 1024 2063 sorum,
1039 2024 1187 2056 etdeinde
1196 2024 1338 2067 sequitur
1347 2025 1650 2068 dict.paragraphus.

951 2077 965 2118 ξ
989 2076 1040 2108 31.
1064 2076 1100 2108 Et
1125 2076 1149 2108 si
1174 2077 1287 2109 mulier
1311 2078 1415 2120 plures
1441 2078 1571 2111 haberet
1588 2079 1649 2111 sra-

909 2135 979 2165 tres:
1004 2135 1031 2162 et
1068 2129 1196 2172 insuper
1231 2130 1268 2162 ad
1298 2130 1490 2162 obviandum
1521 2131 1648 2164 malitiis

908 2183 1082 2222 hominum,
1108 2183 1209 2215 eidem
1245 2187 1360 2215 statuto
1394 2182 1539 2215 addimus
1564 2184 1647 2226 quod

907 2243 972 2278 post
999 2236 1107 2268 decem
1131 2245 1231 2267 annos
1256 2235 1339 2267 inter
1362 2240 1553 2277 praesentes,
1578 2242 1645 2279 post

906 2298 978 2320 vero
1002 2298 1102 2320 annos
1126 2287 1237 2329 viginti
1263 2287 1510 2328 interabsentes,
1528 2289 1647 2330 quaeli-

906 2340 957 2373 bet
981 2340 1095 2372 mulier
1119 2339 1275 2378 maritata,
1301 2339 1402 2381 quoad
1427 2339 1572 2372 effectum
1595 2351 1645 2373 ex—

904 2394 1057 2426 clusivum
1084 2393 1157 2425 dicti
1195 2392 1313 2431 statuti,
1349 2397 1569 2434 praesumatur
1592 2393 1646 2426 do-

904 2452 965 2479 tati
991 2446 1162 2479 secundum
1188 2446 1319 2477 sormam
1344 2450 1373 2477 et
1399 2450 1537 2477 tenorem
1569 2445 1644 2478 dicti

905 2500 1022 2535 statuti,
1040 2509 1119 2541 quae
1138 2497 1350 2541 praesumptio
1367 2507 1430 2529 non
1448 2497 1570 2536 militat,
1587 2497 1643 2529 ubi

904 2549 974 2576 ante
999 2544 1082 2575 dicta
1105 2548 1247 2584 tempora
1271 2541 1384 2573 mulier
1415 2541 1461 2573 vel
1484 2541 1562 2573 alius
1586 2551 1643 2583 pro

903 2597 940 2620 ea
964 2587 996 2618 in
1020 2586 1136 2618 iudicio
1161 2591 1282 2628 partem
1300 2584 1397 2617 citare
1408 2584 1479 2616 fecit
1504 2590 1535 2616 et
1554 2595 1642 2617 suam

904 2631 1058 2663 actionem
1084 2629 1259 2666 intentavit3
1295 2638 1357 2670 quo
1381 2638 1453 2660 vero
1483 2628 1521 2661 ad
1546 2627 1643 2660 alium

940 2677 951 2701 1
973 2675 1039 2709 Leg.
1060 2674 1152 2700 forsan
1171 2674 1349 2706 supervives-it
1368 2673 1413 2706 (R.
1432 2672 1484 2705 T.).

1660 2106 1679 2123 di

1703 2078 1753 2097 Prata
1757 2084 1800 2099 ‘nm
1804 2081 1824 2101 pt
1828 2079 1849 2097 io

1682 2108 1716 2124 itis
1730 2106 1820 2125 soluiae.
