2059 3228
133 253 174 279 An
201 252 230 279 (ἶ.
250 254 315 282 1580

152 312 217 332 Causa
233 316 315 334 consti-

131 343 219 364 tutionis
250 346 317 366 edon-

131 379 178 395 nc.

169 1015 303 1036 Canni-matio

118 1047 303 1068 confraternitatis

118 1078 247 1101 praedictae.

135 2608 252 2631 Coneeuto
262 2608 295 2629 tn-

110 2639 273 2666 ‹infigentia-um.

372 245 413 280 37

328 307 603 350 pernecessarium
649 317 732 350 opus
766 306 797 340 in
832 306 911 348 dies,
946 308 986 341 ad
1018 307 1074 341 Dei

326 359 461 402 gloriam
483 360 691 403 ipsarumque
712 360 872 403 virginum
893 365 924 394 et,
937 361 1073 394 aliarum

326 413 513 446 huiusmodi
535 413 708 446 mulierum
729 413 901 458 pudicitiae
921 419 951 447 et
971 414 1073 448 hone—

325 467 414 498 statis
439 466 726 508 conservationem,
762 474 919 511 augeatur
938 474 970 501 et>
997 479 1072 512 per-

324 525 422 562 petuo
460 519 575 552 maiori
601 531 674 553 cum
696 520 850 554 charitate
871 527 1069 561 exerceatur,

324 582 382 616 pro
402 578 492 615 parte
523 573 776 616 guardianorum
811 581 841 608 ct
871 575 1070 623 confratrum

325 625 562 668 praedictorum
596 627 688 661 nobis
718 628 778 661 fuit,
810 628 977 662 humiliter
997 638 1071 672 sup-

323 678 474 722 plicatum
492 686 652 723 quatenus
671 681 868 715 erectionem
889 687 919 715 et
940 683 1069 715 institu-

321 732 441 766 tionem
461 733 565 767 dictae
582 734 943 769 archiconfraternitatis
954 746 1070 779 appro-

319 785 394 819 bare
414 792 446 820 et
460 787 667 829 confirmare,
681 793 711 822 et
726 799 838 822 eorum
856 789 1068 832 petitionibus

317 849 473 881 annuere,
487 841 629 886 aliasque
642 842 674 874 in
686 842 870 886 praemissis
885 848 1068 886 opportune

317 894 487 936 providere
506 895 728 939 dignaremur.

361 947 376 991 ἓ
399 947 431 982 3.
453 948 516 982 Nos
536 950 634 993 igitur
663 951 858 993 guardianos
879 956 908 984 et
942 951 1067 983 confra-

316 1006 381 1034 tres
400 1002 583 1046 praedictos
620 1015 657 1036 ac
687 1015 801 1037 eorum
834 1004 1011 1047 quemlibet
1049 1015 1065 1037 a

316 1054 482 1098 quibusvis
513 1057 870 1098 excommunicationis,
906 1062 963 1090 etc.
992 1068 1066 1090 cen-

316 1114 432 1149 sentes,
453 1109 641 1144 huiusmodi
658 1111 950 1154 supplicationibus
970 1111 1064 1144 incli-

315 1162 392 1202 nati,
413 1163 610 1196 erectionem
640 1170 668 1196 et
701 1164 936 1197 institutionem
961 1165 1063 1198 dictae

315 1216 690 1258 archiconfraternitatis‚
713 1218 806 1251 sicuti
832 1219 987 1251 canonice
1016 1220 1062 1251 fa-

315 1274 364 1302 cta
396 1270 468 1310 fuit,
499 1271 688 1304 auctoritate
726 1272 914 1315 apostolica,
950 1277 1062 1305 tenore

315 1324 545 1366 praesentium,
573 1325 792 1369 approbamus
826 1331 856 1358 et
889 1326 1062 1359 confirma-

314 1387 399 1418 mus,
435 1378 563 1421 illisque
598 1384 774 1423 perpetuae
812 1385 842 1412 et
868 1380 1063 1413 inviolabilis

313 1430 472 1465 firmitatis
496 1432 597 1465 robur
620 1432 801 1473 adiicimus,
838 1439 867 1467 et
902 1440 1062 1478 quatenus

313 1494 395 1527 opus
415 1485 465 1525 sit,
486 1485 524 1517 de
549 1496 630 1519 novo
650 1497 719 1519 eam
742 1487 774 1519 in
794 1486 1061 1520 archiconfrater-

312 1537 443 1571 nitatem
474 1539 614 1572 aliarum
647 1541 947 1574 confraternitatum
972 1541 1060 1574 simi-

311 1591 391 1624 lium
417 1593 477 1626 sub
497 1593 699 1627 invocatione
729 1594 996 1628 Annunciationis
1027 1606 1060 1628 e-

311 1645 437 1679 iusdem
465 1647 580 1680 Beatae
614 1648 742 1687 Mariae,
780 1655 844 1681 tam
879 1654 1059 1682 erectarum

311 1709 407 1742 quam
428 1699 653 1743 erigendarum
671 1707 701 1735 et
718 1702 763 1734 illi
785 1703 939 1736 canonice
951 1713 1061 1746 aggre-

310 1752 502 1794 g’andarum,
529 1760 699 1798 perpetuo,
722 1755 790 1788 sine
810 1755 941 1789 alterius
966 1766 1059 1800 prae-

310 1805 443 1847 iudicio,
466 1807 622 1850 erigimus
638 1814 666 1841 et
685 1808 895 1850 instituimus;
918 1809 1060 1853 ipsisque

310 1859 494 1902 guardianis
511 1866 541 1894 et
560 1862 776 1895 confratribus
788 1868 823 1895 ut.
838 1874 1059 1906 quascumque

310 1913 388 1945 alias
407 1914 696 1956 confraternitates,
720 1922 785 1949 tam
818 1916 851 1949 in
871 1917 955 1950 dicta
975 1917 1059 1950 Urbe

310 1976 406 2009 quam
427 1974 515 2001 extra
534 1979 617 2010 eam,
648 1981 736 2004 nunc
761 1977 791 2003 et
821 1981 880 2015 pro
915 1976 1059 2014 tempore

310 2020 490 2061 existentes,
512 2021 615 2056 dictae
635 2023 988 2057 archiconfraternitati
1004 2035 1058 2067 ag-

309 2083 442 2117 gregare
474 2081 505 2108 et
525 2076 698 2117 associare,
732 2077 860 2120 illisque
881 2083 912 2110 et
946 2088 1058 2110 earum

310 2128 480 2172 utriusque
522 2140 615 2163 sexus
664 2131 883 2163 confratribus
900 2157 908 2172 ‚
957 2131 1058 2164 dictae

309 2180 672 2216 archiconfraternitatis
706 2184 885 2228 privilegia,
920 2183 1055 2225 indulta,

309 2232 534 2277 indulgentias,
555 2236 650 2270 etiam
670 2236 842 2280 plenarias,
865 2242 896 2270 et
911 2243 1058 2281 peccato-

310 2296 382 2319 rum
425 2289 632 2323 remissiones
671 2300 709 2323 ac
747 2290 960 2324 relaxationes
1001 2301 1059 2334 per

308 2346 492 2381 praesentes
513 2352 665 2376 concessa
685 2349 715 2376 et
734 2343 768 2376 in
788 2350 953 2387 posterum
979 2354 1057 2377 con-

310 2392 463 2435 cedenda,
481 2405 547 2428 non
567 2401 674 2429 tamen
692 2397 899 2440 aggregandi,
913 2407 1059 2430 commu-

308 2445 416 2479 nicare
437 2447 538 2482 libere
559 2455 589 2482 et
609 2450 694 2483 licite
728 2451 864 2491 valcant,
893 2450 1056 2484 licentiam

309 2495 518 2529 concedimus
537 2502 568 2530 et
587 2498 803 2542 impartimur.

354 2544 368 2586 ξ
388 2544 419 2576 «t.
440 2544 479 2577 L't
499 2552 606 2579 autem
622 2547 722 2591 ipsius
752 2549 1056 2583 archiconfraterni-

309 2591 383 2624 tatis
399 2597 429 2624 et
444 2593 581 2626 aliarum
598 2595 642 2627 illi
654 2607 712 2640 pro
727 2602 872 2641 tempore
883 2608 1057 2641 aggregan-

308 2640 378 2674 dar.
401 2642 700 2678 confraternitatum
717 2646 895 2679 confratres
910 2657 998 2680 nunc
1027 2652 1055 2679 et

1087 326 1098 828 l

897 254 1076 280 RULLARIUM
1098 253 1249 279 aomxmt

1115 317 1174 350 pro
1198 312 1344 350 tempore
1357 310 1537 347 existentes,
1549 304 1584 338 in
1598 309 1665 339 tam
1675 303 1730 349 pio
1745 308 1777 338 et
1788 303 1860 337 tau-

1115 359 1213 392 dabili
1233 360 1379 393 instituto
1398 370 1436 393 eo
1453 359 1591 393 alacrius
1601 358 1862 404 persistant,quo

1114 424 1150 446 ex
1171 413 1232 446 hoc
1256 413 1342 446 dono
1362 412 1510 446 coelestis
1542 412 1662 454 gratiae
1689 415 1862 455 conspexe-

1114 467 1177 499 rint
1196 478 1229 500 se
1249 467 1382 501 uberius
1401 478 1469 501 esse
1484 467 1634 508 refectos,
1654 466 1695 499 de
1713 465 1863 514 omnipo-

1113 521 1207 554 tentis
1217 521 1284 562 Dei,
1300 527 1412 554 nostra
1421 527 1452 555 et
1460 521 1629 554 beatorum
1637 519 1722 554 Petri
1731 524 1762 553 et
1769 518 1861 552 Pauli
1912 543 1917 551 .

1112 574 1333 617 apostolorum
1375 574 1446 608 eius
1492 573 1682 607 auctoritate
1719 571 1858 613 confisi,

1112 627 1262 661 omnibus
1281 635 1312 662 et
1331 628 1466 672 singulis
1485 627 1654 671 utriusque
1670 637 1763 660 sexus
1774 625 1861 660 chri-

1111 681 1302 714 stifidelibus
1325 692 1400 715 vere
1416 680 1656 726 poenitentibus
1676 685 1707 713 et
1729 679 1858 727 confes-

1110 734 1162 773 sis,
1187 736 1242 779 qui
1262 736 1381 769 dictam
1409 733 1795 768 archiconfraternitatem
1826 738 1859 767 et

1110 783 1155 816 illi
1176 791 1362 828 aggregatas
1382 791 1412 818 et
1436 784 1469 817 in
1502 784 1650 833 futurum
1679 793 1857 827 aggregan-

1109 832 1165 865 das
1184 834 1462 867 confraternitates
1479 832 1715 876 ingredientur,
1741 833 1767 866 si
1782 843 1856 867 san—

1109 881 1286 916 ctissimum
1306 884 1526 917 Eucharistiae
1547 882 1791 916 Sacramentum
1805 893 1867 916 su·-

1107 932 1280 975 sceperint,
1315 943 1443 966 necnon
1467 931 1618 966 omnibus
1650 930 1726 972 illis,
1757 931 1856 965 etiam
1898 968 1901 972 ,
1948 927 1952 929 ’

1107 980 1275 1024 utriusque
1308 993 1400 1015 sexus
1430 992 1488 1025 pro
1519 987 1666 1025 tempore
1691 980 1855 1015 existenti-

1105 1027 1178 1069 bus,
1200 1030 1268 1073 qui‚
1291 1032 1385 1064 etiam
1405 1042 1479 1064 rere
1502 1030 1703 1074 poenitentes
1725 1035 1757 1063 et
1779 1041 1857 1064 con-

1105 1076 1189 1118 fessi,
1210 1079 1242 1111 in
1262 1080 1374 1114 mortis
1393 1080 1530 1114 articulo
1550 1089 1671 1113 nomen
1701 1079 1772 1113 Iesu
1795 1081 1854 1116 de-

1104 1132 1175 1159 vote
1195 1128 1423 1170 invocaverint,
1444 1135 1499 1163 aut
1519 1129 1651 1172 aliquod
1683 1129 1854 1173 poeniten-

1104 1174 1165 1208 tiae
1185 1176 1311 1219 signum
1332 1178 1478 1219 fecerint,
1500 1189 1537 1211 ac
1556 1178 1590 1211 in
1619 1178 1795 1212 Nativitatis
1821 1184 1855 1214 et

1104 1223 1361 1260 Resurrectionis
1400 1227 1545 1260 eiusdem
1581 1225 1709 1260 Domini
1750 1228 1853 1262 nostri

1102 1272 1174 1306 Iesu
1194 1274 1309 1308 Christi
1329 1287 1366 1309 ac
1385 1276 1598 1317 Pentecostes‚
1620 1287 1749 1310 necnon
1767 1277 1853 1312 Con-

1103 1322 1272 1365 ceptionis‚
1293 1325 1479 1366 Nativitatis,
1513 1324 1760 1367 purificationis,
1785 1327 1852 1361 An-

1103 1373 1319 1407 nunciationis
1360 1380 1391 1408 et
1430 1374 1666 1418 Assumptionis
1706 1375 1851 1410 eiusdem

1102 1421 1215 1455 Beatae
1236 1423 1352 1456 Mariae
1372 1424 1607 1464 festivitatibus,
1628 1434 1756 1457 necnon
1774 1435 1849 1459 san-

1103 1475 1170 1504 ctae
1185 1471 1373 1506 Catharinae
1385 1473 1423 1506 de
1437 1483 1547 1506 mense
1555 1472 1733 1514 maiifesto‚
1744 1473 1851 1507 archi-

1101 1522 1371 1556 confraternitatis
1379 1529 1409 1557 et
1420 1523 1720 1556 confraternitatum
1733 1523 1849 1557 huius-

1101 1571 1187 1604 modi
1207 1572 1357 1606 ecciesias
1373 1573 1482 1606 devote
1497 1572 1704 1613 visitaverint3
1720 1568 1865 1608 necnon

1102 1621 1256 1654 matronis
1280 1627 1311 1655 et
1343 1622 1414 1656 aliis
1438 1621 1640 1663 mulieribus,
1661 1633 1745 1666 quae
1776 1633 1849 1657 eas-

1100 1670 1173 1704 dem
1194 1671 1318 1712 puellas
1338 1671 1534 1705 maritandas
1566 1670 1680 1704 diebus
1712 1671 1850 1705 Annun-
1879 1681 1882 1684 ’

1101 1719 1248 1753 ciationis
1267 1725 1298 1753 et
1315 1719 1489 1753 Nativitatis
1521 1717 1636 1753 Beatae
1668 1719 1785 1753 Mariae
1816 1724 1850 1754 et.

1100 1768 1235 1802 Sanctae
1254 1768 1444 1802 Catharinae
1464 1768 1650 1802 huiusmodi
1669 1769 1850 1813 processio-

1100 1818 1215 1851 naliter
1230 1818 1469 1859 associaverint;
1486 1818 1629 1862 ipsisque
1645 1819 1763 1862 puellis
1781 1829 1850 1853 ma-

1099 1868 1232 1901 ritandis
1248 1879 1321 1902 vere
1350 1868 1589 1912 poenitentibus
1619 1874 1650 1901 et
1680 1868 1847 1910 confessis,

1099 1928 1135 1950 ac
1160 1917 1254 1950 etiam
1277 1917 1447 1960 utriusque
1469 1927 1562 1950 sexus
1582 1917 1798 1950 confratribus
1816 1922 1848 1952 et

1099 1967 1170 2000 aliis
1189 1967 1451 2001 christifidelibus
1462 1967 1518 2010 qui
1530 1967 1634 2000 eidem
1648 1967 1848 2011 processioni

1100 2016 1304 2050 interfuerint
1324 2022 1351 2050 et
1374 2016 1549 2060 praemissa
1568 2016 1703 2049 fecerint
1722 2027 1759 2050 ac
1778 2016 1848 2061 pias

1099 2065 1176 2098 inibi
1205 2075 1318 2108 preces
1345 2066 1384 2098 ad
1412 2066 1523 2105 Deum,
1544 2070 1642 2109 prout
1668 2065 1847 2110 unicuique

1098 2120 1247 2157 suggeret
1271 2115 1406 2154 devotio,
1429 2114 1614 2155 effuderint,
1642 2113 1666 2147 si
1687 2115 1847 2149 sanctissi-

1099 2174 1188 2196 mum
1207 2163 1426 2197 Eucharistiae
1446 2164 1689 2197 Sacramentum
1697 2174 1845 2209 sumpse-

1099 2213 1174 2253 rint,
1191 2213 1367 2256 plenariam
1389 2213 1535 2246 omnium
1554 2218 1762 2257 peccatorum
1771 2224 1846 2247 suo—

1099 2272 1169 2295 rum
1191 2262 1423 2305 indulgentiam
1455 2268 1486 2295 et
1515 2262 1739 2296 remissionem
1761 2261 1846 2297 dicta

1097 2311 1844 2355 auctoritate,ea1·umdemtenorepraesentium,

1098 2361 1285 2403 elargimur.

1140 2411 1155 2454 ἓ
1175 2411 1206 2443 5.
1228 2411 1273 2443 Ac
1292 2410 1369 2454 ipsis
1394 2409 1621 2450 confratribus,
1655 2410 1713 2453 qui
1743 2409 1844 2444 semet
1885 2445 1887 2447 ,

1098 2459 1128 2491 in
1144 2459 1288 2503 quolibet
1303 2470 1412 2492 mense
1428 2458 1503 2492 anni
1516 2459 1640 2492 dictum
1656 2459 1843 2493 Sacramen-

1098 2514 1163 2540 tum
1178 2508 1205 2548 ⁴1,
1228 2509 1304 2542 dum
1326 2508 1463 2541 infirmis
1483 2508 1638 2549 defertur,
1660 2519 1697 2541 ac
1714 2508 1842 2542 confra-

1134 2573 1142 2597 i
1172 2571 1261 2606 Ripell
1286 2571 1362 2598 addit
1394 2572 1485 2598 devote
1521 2571 1694 2606 sumpserint,
1723 2570 1841 2606 qualibet

1098 2612 1160 2644 rice,
1178 2619 1262 2638 unum
1273 2619 1391 2645 aunum,-
1399 2612 1498 2647 quique
1511 2612 1612 2639 dictum
1624 2611 1840 2646 Sam-amentum,

1096 2651 1161 2678 (lum
1174 2656 1228 2679 etc.
1243 2654 1281 2684 (R.
1299 2652 1346 2685 'r.).
