2059 3228
119 197 171 225 Au'.
190 198 218 226 C.
239 199 305 227 1585

163 679 296 702 confirmatio

115 713 288 732 cunsumlionum

116 744 295 768 praedecessorum

114 779 236 794 cume-’rum
247 780 296 800 poe-

116 805 166 829 nis,
206 810 295 832 excepta

112 841 181 861 pne-ia
209 841 295 856 excom.

115 866 271 888 munic-ationis.

364 192 426 225 586

318 252 527 297 provideatur
539 261 578 284 ne
596 251 699 285 ullum
717 251 803 285 domi
820 251 1068 296 sorisque,intra

320 310 444 338 extrave
473 305 553 337 fines
580 310 722 344 nostros,
753 305 935 339 criminosis
959 305 1066 339 homi-

318 358 413 390 nibus
447 357 634 391 huiusmodi
668 364 775 402 pateat
808 358 976 402 diffugium
1011 364 1066 391 aut

318 412 572 455 ieceptaculum,
595 412 649 445 sed
666 412 800 445 omnino
819 413 928 455 lenum
950 418 979 445 et
1000 423 1065 445 ma-

316 464 509 510 gistiatuum
539 465 742 498 seveiitatem
767 465 972 509 iustitiaeque
1000 466 1064 508 gla-

315 516 404 549 dium
428 517 550 559 subiie,
572 528 610 552 ac
629 518 751 552 debitas
774 529 896 563 poenas
910 519 1000 551 lueie
1012 529 1064 551 co

313 575 441 613 gQantur

356 624 371 667 ἓ
395 624 427 656 ’1.
450 625 573 668 Itaque,
588 625 628 659 de
642 625 775 659 fratrum
788 632 973 660 nostrorum
989 635 1064 659 con-

311 676 394 718 silio,
417 688 529 712 omnes
553 684 584 712 et
599 679 742 722 singulas
775 680 1020 713 constitutiones
1045 689 1063 711 a

311 730 413 763 felicis
430 732 664 766 recordationis
680 733 735 766 Pio
755 733 898 766 secundo
916 738 945 766 et
960 732 1060 765 Paulo

310 784 406 816 etiam
426 785 581 826 secundo,
604 786 690 819 Sixto
711 792 839 828 quarto,
867 786 948 820 lulio
974 785 1062 818 simi-

308 837 382 870 liter
409 839 563 880 secundo,
595 840 701 873 Leone
726 840 865 881 decimo,
898 839 1060 873 Clemente

307 890 458 933 septimo,
483 891 566 925 Iulio
596 892 702 933 tertio,
727 893 782 926 Pio
808 892 902 925 etiam
931 897 1058 934 quarto,

308 942 363 976 Pio
384 944 514 987 quinto,
536 945 690 988 Gregorio
711 946 936 979 decimotertio
946 950 977 979 et
987 944 1059 987 qui-

286 1028 289 1031 .
307 997 413 1032 busvis
433 999 504 1033 aliis
523 1000 676 1034 Romanis
695 1001 906 1034 Pontificibus
922 1001 1058 1045 praede-

106 1967 198 1989 flarunes
207 1971 227 1989 et
236 1974 290 1989 com-

105 2002 219 2019 munitates
251 2006 290 2020 ei»-

105 2035 150 2049 rum
166 2031 290 2051 territori-:a

105 2059 198 2081 bannitis
213 2063 253 2081 etc.
263 2061 290 2081 li-

105 2090 156 2112 bera
198 2093 288 2113 custodi-

106 2125 151 2147 auu

308 1053 490 1086 cessorihus
509 1054 640 1094 nostris,
662 1065 720 1087 suo
731 1054 1058 1098 cuiusquetempore‚

307 1105 340 1137 in
373 1106 558 1142 deoestabile
590 1108 830 1151 praedictorum
857 1113 888 1140 et
920 1107 1058 1140 aliorum

307 1154 589 1204 infrascriptorum
600 1161 768 1195 hominum
781 1172 895 1205 genus,
905 1171 964 1205 pro
975 1165 1057 1193 tem—

308 1213 394 1256 poris
421 1219 450 1246 et
475 1214 649 1247 criminum
678 1215 815 1255 ratione,
838 1214 955 1255 editas,
983 1224 1058 1246 cum

306 1266 458 1300 omnibus
477 1273 507 1300 et
523 1268 698 1310 singulisin
709 1268 754 1301 eis
768 1266 1058 1311 contentiS,quoad

306 1331 342 1353 ea
366 1332 448 1364 quae
469 1322 691 1364 praesentibus
714 1332 780 1355 non
804 1321 1055 1359 contrariantnr,

306 1379 335 1407 et
366 1380 500 1417 excepta
533 1374 877 1408 excommunicationis
900 1373 1057 1408 sententia

305 1437 362 1471 per
382 1427 511 1460 easdem
531 1428 776 1461 constitutiones
794 1428 828 1461 in
847 1428 911 1461 illis
930 1432 1057 1461 contra-

304 1481 466 1515 venientes
483 1483 698 1526 promulgata,
724 1493 835 1528 quam,
865 1492 906 1515 ne
931 1481 1055 1514 anima-

305 1544 378 1566 rum
398 1534 576 1578 perniciem
597 1535 706 1578 potius
730 1541 835 1579 quam’
848 1535 985 1568 salutem
999 1533 1054 1567 ad-

303 1587 396 1628 serat,
415 1589 562 1622 consulto
573 1589 750 1622 tollendam
761 1594 792 1622 et
802 1588 1055 1622 submovendam

304 1640 465 1681 duximus,
486 1652 524 1674 ex
544 1647 630 1675 certa
650 1642 782 1675 scientia
802 1647 911 1675 nostra
934 1651 1054 1685 appro-

304 1694 416 1728 bantes
436 1701 467 1728 et
486 1694 686 1736 innovantes,
701 1697 897 1739 illarumque
908 1694 1053 1728 omnium

303 1753 443 1790 tenores,
461 1760 498 1782 ac
509 1750 533 1782 si
553 1749 593 1782 de
611 1750 708 1783 verbo
724 1749 764 1783 ad
782 1750 916 1783 verbum
934 1749 1055 1782 insere-

304 1808 418 1835 rentur
436 1803 673 1846 praesentibus,
700 1814 759 1847 pro
779 1802 937 1847 expressis
957 1807 989 1836 et
1007 1801 1053 1834 in-

304 1855 395 1888 sertis
411 1855 524 1889 haberi
543 1856 698 1889 volentes:

348 1909 363 1952 ἓ
387 1908 419 1941 02.
446 1908 608 1942 Universis
622 1908 1053 1953 etsingulisducibus,prin-

305 1962 444 2005 cipibuS,
467 1962 722 2003 marchionibus,
749 1962 934 2002 comitibus,
957 1962 1053 1994 baro-

306 2015 400 2049 nibus
439 2022 469 2049 et
499 2016 691 2057 domicellis,
724 2017 821 2050 etiam
849 2026 1053 2059 quacumque

305 2069 520 2102 ecclesiastica
530 2069 684 2112 dignitate
694 2070 915 2113 fungentibus,
927 2079 1053 2102 necnon

304 2121 440 2162 vicariis,
453 2122 652 2163 feudatariis,
671 2133 838 2156 armorum
851 2122 1051 2162 ductoribus,

304 2176 1052 2219 capitaneis,niagist1¹atibuS‚communitatibus,

306 2229 566 2263 universitatibus
596 2235 627 2264 et
655 2230 846 2263 officialibus
877 2230 1052 2271 civitatum,

306 2288 477 2323 terrarum,
498 2289 691 2323 castrorum,
714 2284 909 2328 oppidorum
929 2290 960 2317 et
975 2284 1052 2317 alio-

306 2346 377 2367 rum
398 2339 682 2379 quorumcumque
702 2337 849 2370 locorum
866 2338 1051 2381 praedictae

305 2383 466 2417 Romanae
486 2385 645 2420 Ecclesiae
658 2386 795 2420 mediate
804 2387 852 2420 vel
866 2386 1052 2421 immediate

305 2432 536 2474 subiectorum,
564 2435 596 2467 in
611 2435 728 2469 virtute
748 2442 877 2469 sanctae
897 2436 1051 2470 obedien-

306 2481 382 2521 tiae,
403 2492 439 2514 ac
459 2483 517 2514 sub
533 2483 759 2527 indignationis
774 2491 1051 2526 nostrae,necnon

306 2529 445 2563 duorum
474 2530 609 2564 millium
642 2543 700 2576 pei·
727 2534 988 2576 communitates,
1021 2541 1052 2569 et

306 2578 392 2611 mille
412 2590 469 2623 per
489 2580 718 2623 universitates,
741 2593 777 2615 ac
808 2581 948 2625 quinque
978 2583 1049 2616 mil-

913 199 1095 226 nrrmmru
1112 193 1264 225 nouixtnt

1869 187 2001 238 Anseris*
2029 204 2040 223 ὲ

1108 252 1189 285 lium
1209 252 1401 285 ducatorum
1423 251 1669 288 aurLCamerae
1694 251 1854 297 Apostoli-

1109 317 1163 339 cae
1181 306 1445 349 irremissibiliter
1461 306 1530 350 ipso
1550 307 1633 339 sacto
1648 308 1856 351 applicando-

1109 370 1192 398 rum,
1201 370 1260 403 per
1269 358 1417 392 dominos
1427 359 1623 403 temporales
1635 365 1667 393 et
1676 359 1755 394 alios
1762 370 1856 405 prae-

1108 412 1218 452 dictos
1243 412 1363 454 absque
1380 412 1442 445 alia
1452 412 1853 453 declaratione,incurren-

1107 465 1157 498 dis
1176 465 1290 510 poenis
1310 467 1407 509 (ultra
1423 466 1501 500 alias
1511 466 1545 499 in
1561 466 1749 500 eorumdem
1758 477 1852 511 prae-

1106 519 1312 552 decessorum
1331 525 1516 552 nostrorum
1534 518 1650 553 litteris
1659 520 1851 563 contentas),

1106 572 1249 605 districte
1273 572 1505 616 praecipiendo
1531 573 1722 606 mandamus
1742 578 1854 617 quate-

1104 636 1177 666 nus,
1207 625 1349 659 adhibita
1364 625 1581 659 'exactissima
1607 625 1772 669 diligentia
1784 653 1792 667 ‚
1811 626 1852 660 de

1104 690 1167 722 qua
1186 690 1246 724 per
1263 679 1394 724 publica
1411 679 1605 713 documenta
1623 685 1655 713 et
1672 679 1750 713 alias
1772 690 1851 724 pro-

1102 733 1248 767 bationes
1265 733 1361 766 fidem
1393 733 1523 774 faciant,
1556 743 1668 767 eorum
1695 732 1850 774 civitates,

1103 793 1216 827 terras,
1235 787 1366 831 oppida,
1379 787 1604 827 castra,villas,
1613 786 1768 827 dominia,
1780 787 1852 821 loca

1103 845 1134 874 et
1151 840 1314 873 territoria
1333 841 1441 874 omnia
1457 851 1474 874 a
1491 840 1850 885 perduellionibus,ho-

1102 893 1238 934 micidis,
1259 893 1450 935 latronibus,
1465 893 1590 927 viarum
1602 893 1849 937 grassatoribus,

1102 948 1299 991 raptoribus,
1314 947 1532 988 incendiariis,
1551 947 1686 989 sicariis,
1707 946 1848 988 exititiis,

1102 1001 1250 1044 publicae
1269 1000 1385 1043 quietis
1400 1000 1693 1045 perturbatoribus,
1710 1005 1849 1035 armatas

1100 1054 1302 1095 facientibus,
1325 1054 1449 1088 Statum
1469 1053 1727 1088 Ecclesiasticum
1746 1053 1848 1087 hosti-

1100 1107 1174 1140 liter
1201 1107 1458 1151 peragrantibus,
1477 1118 1537 1151 pro
1556 1117 1765 1151 quocumque
1784 1106 1848 1140 cri-

1101 1161 1186 1194 mine
1204 1159 1346 1205 capitali,
1360 1161 1454 1195 etiam
1467 1161 1500 1194 in
1511 1154 1848 1202 contumaciam‚ban-

1099 1214 1186 1255 nitis,
1219 1214 1354 1257 aliisque
1389 1214 1549 1248 similibus
1580 1213 1716 1248 notoriis
1743 1213 1847 1248 delin-

1099 1268 1272 1311 quentibus
1286 1273 1317 1301 et
1335 1267 1524 1310 facinorosis
1536 1267 1735 1308 hominibus,
1751 1267 1846 1301 etiam

1097 1321 1242 1354 nondum
1263 1321 1496 1362 condemnatis,
1513 1331 1693 1365 eorumque
1710 1321 1848 1355 fautori·
1871 1339 1878 1347 ·

1097 1375 1158 1408 bus
1177 1381 1209 1408 et
1235 1374 1458 1419 complicibus,
1478 1385 1560 1419 quos
1585 1385 1698 1408 omnes
1719 1379 1846 1409 nostros

1098 1428 1266 1471 dictaeque
1300 1428 1464 1462 Romanae
1507 1427 1670 1462 Ecclesiae
1709 1428 1852 1468 rebelles

1097 1492 1134 1515 ac
1154 1481 1302 1526 publicos
1328 1482 1437 1515 hostes
1466 1491 1535 1515 esse
1559 1480 1776 1523 decernimus,
1797 1491 1846 1520 sef

1097 1546 1187 1576 cura,
1210 1535 1312 1572 libera
1323 1541 1353 1569 et
1363 1539 1537 1579 expurgata
1548 1535 1722 1577 custodire,
1734 1539 1845 1569 tenere

1097 1594 1127 1622 et
1147 1599 1366 1633 praeseivare.

1140 1642 1155 1685 ξ
1179 1641 1210 1675 3.
1237 1643 1368 1676 Necnon
1392 1641 1418 1675 si
1441 1652 1522 1686 quos
1541 1652 1578 1675 ex
1598 1639 1676 1686 ipsis
1694 1651 1733 1676 eo
1751 1651 1844 1676 acce-
1881 1647 1919 1670 no
1936 1663 1958 1684 ¹:
1985 1661 2001 1679 s

1096 1696 1173 1729 dele
1191 1696 1241 1728 vel
1258 1696 1453 1729 commorari
1473 1706 1530 1729 seu
1549 1695 1589 1730 ad
1599 1695 1842 1739 praedictaloca
1853 1683 1893 1734 iffi

1095 1749 1258 1783 declinare
1277 1750 1327 1783 vel
1344 1749 1420 1783 illac
1439 1749 1637 1794 pertransire
1656 1748 1838 1792 contigerit,
1853 1745 1965 1795 ⁰⁶„ss
1984 1755 1988 1757 “

1095 1803 1202 1836 statim
1221 1803 1293 1837 illos
1313 1813 1430 1847 capeie
1453 1808 1484 1836 et
1500 1802 1746 1847 apprehendere
1755 1802 1840 1836 acad
1853 1805 1943 1864 Ιῗζῑὲ*

1095 1868 1241 1905 carceres
1261 1858 1453 1898 conducere,
1472 1862 1646 1901 captosque
1668 1856 1788 1890 nostris
1810 1860 1842 1890 et
1853 1867 1907 1890 cau·

1094 1921 1154 1955 pro
1167 1917 1311 1955 tempore
1322 1910 1525 1944 existentium
1535 1903 1879 1947 R-“omanorumPon
1978 1922 1981 1924 >

1094 1964 1217 1998 iiticum
1243 1963 1482 2007 magistratibus
1501 1968 1534 1997 et
1552 1962 1743 1997 officialibus
1760 1962 1843 1996 fide·
1955 1962 1961 1963 ⁷

1094 2018 1302 2051 litertradere
1313 2017 1842 2061 etconsignare‚populosquesuos
1861 2055 1868 2064 ·

1093 2071 1189 2115 pulsu
1207 2081 1437 2115 campanarum
1453 2075 1485 2104 et
1497 2070 1568 2104 aliis
1582 2069 1680 2114 signis
1692 2070 1733 2104 ad
1751 2080 1842 2104 arma

1094 2133 1270 2158 convocare
1289 2130 1321 2157 et
1335 2125 1518 2158 coadunare
1540 2129 1720 2157 teneantur.
1749 2123 1841 2164 Quod

1094 2178 1119 2211 si
1144 2178 1216 2211 illos
1241 2187 1357 2222 capere
1382 2184 1413 2211 et
1438 2177 1683 2222 apprehendere
1707 2187 1767 2221 per
1788 2187 1841 2211 se-

1093 2231 1179 2275 ipsos
1192 2230 1408 2275 nequiverint,
1428 2230 1581 2264 finitimas
1599 2241 1740 2274 quasque
1752 2239 1842 2264 com-

1094 2284 1266 2318 munitates
1285 2291 1316 2318 et
1334 2283 1557 2318 universitates
1574 2294 1702 2318 necnon
1733 2283 1840 2318 domi-

1092 2349 1151 2372 nos
1169 2338 1362 2383 temporales
1382 2336 1671 2371 commonefaciant
1685 2342 1718 2371 et
1733 2337 1768 2370 in
1779 2337 1839 2371 au-

1093 2387 1203 2420 xilium
1226 2392 1414 2428 convocent,
1436 2386 1618 2429 iunctisque
1644 2386 1740 2420 simul
1761 2385 1839 2419 viri⁴

1092 2437 1162 2478 bus,
1196 2435 1324 2470 eosdem
1359 2435 1599 2480 perduelliones
1612 2462 1620 2476 ,
1646 2433 1836 2476 homicidas,

1094 2486 1233 2519 latrones
1257 2491 1287 2518 et
1311 2484 1390 2518 alios
1406 2484 1588 2527 praedictos
1606 2483 1680 2517 sorti
1695 2493 1792 2516 manu
1807 2489 1838 2517 et

1093 2534 1300 2575 incessanter,
1313 2544 1518 2578 quocumque
1531 2543 1564 2566 se
1573 2531 1836 2573 vert.erint,etiam

1092 2588 1180 2617 extra
1196 2583 1364 2627 proprium
1379 2581 1578 2616 territorium
1593 2585 1626 2614 et
1642 2579 1836 2615 iurisdictio-
