2059 3228
19 268 66 297 Au.
79 266 108 295 c.
128 266 194 295 1572

818 258 993 285 GnEGonttts
1017 258 1071 283 xm
1096 259 1142 283 rr.
1682 249 1702 279 9

1761 257 1811 283 An.
1827 256 1856 284 C.
1877 256 1941 284 157²

208 317 335 361 quoties
355 327 436 362 opus
452 317 573 356 suisset,
591 316 685 349 etiam
702 312 821 347 iteratis
836 311 958 345 vicibus
998 310 1199 342 decessorem
1216 315 1245 342 et
1265 310 1378 343 Sedem
1399 308 1627 354 Apostolicam‚
1651 309 1744 341 etiam

208 377 426 415 aggravarent,
442 381 566 403 necnon
581 368 734 402 auxilium
749 366 873 400 brachii
888 377 954 399 sao·
998 374 1071 396 cum
1093 363 1368 405 derogatorum-uin
1383 362 1591 406 derogatoriis
1610 361 1746 406 aliisque

208 424 327 459 cularis
347 424 542 463 invocarem,
555 422 714 457 commisit
733 426 763 453 et
783 420 952 453 mandavit.

207 479 251 511 Ac
271 477 414 521 insuper,
445 477 469 510 si
491 487 547 520 per
566 473 773 509 summariam
802 472 955 506 informa-

207 531 327 565 tionem
340 541 397 574 per
413 541 468 564 eos
488 540 586 574 super
599 528 647 562 his
667 527 856 567 habendam,
880 526 956 570 ipsis

208 584 399 618 constitisset
415 584 500 627 quod
522 583 560 616 ad
580 583 660 622 loca,
678 580 710 613 in
730 580 848 623 quibus
859 590 954 613 oecu-

207 644 346 682 patores,
380 642 649 681 praesumptores,
678 633 897 667 molestatores
925 640 953 667 et

207 691 413 725 iniuriatores
429 687 612 724 huiusmodi
632 697 668 720 ac
688 686 780 727 alios,
807 697 888 730 quos
905 687 954 719 lit-

206 750 292 778 terae
312 750 389 778 tunc
413 744 550 787 desuper
577 740 795 775 conficiendae
824 751 954 774 concer-

206 803 332 838 nerent,
355 808 413 842 pro
437 802 580 840 tempore
609 793 727 827 morari
754 793 951 837 contigisset,

207 861 266 896 pro
286 849 513 884 monitionibus
524 854 555 881 et
568 847 814 880 inhibitionibus
829 847 903 891 ipsis
916 858 952 881 ac

206 904 413 938 citationibus
425 903 470 936 eis
482 901 647 941 faciendis,
660 906 747 934 tutus
755 911 818 934 non
831 906 951 944 pateret

206 968 366 998 accessus,
383 955 542 990 iudicibus
556 960 586 988 et
601 954 879 988 conservatoribus
893 955 954 988 liu-

207 1009 344 1044 iusmodi
359 1008 550 1042 monitiones
566 1013 595 1041 et
613 1007 781 1041 citationes
794 1008 953 1051 praefatas

205 1074 243 1098 ac
256 1062 460 1097 inhibitiones
479 1061 652 1105 quaslibet,
676 1072 733 1105 per
759 1061 863 1095 edicta
894 1073 953 1106 pu-

203 1116 287 1150 blica
304 1114 383 1149 locis
406 1115 544 1159 publicis
568 1114 744 1158 affigenda,
770 1114 809 1148 de
833 1115 952 1158 quibus

202 1173 283 1204 esset
300 1168 482 1202 verisimilis
501 1168 688 1202 coniectura
707 1168 794 1212 quod
809 1168 848 1201 ad
869 1169 953 1212 ipso-

200 1232 274 1256 rum
286 1222 495 1263 monitorum,
513 1222 683 1255 citatorum
695 1227 725 1255 et
740 1221 951 1256 inhibitorum

199 1274 346 1310 notitiam
363 1275 529 1320 pervenire
539 1276 692 1316 valerent,
705 1275 840 1309 faciendi
854 1288 861 1316 ;
879 1286 952 1310 nec-

199 1339 265 1364 non
284 1329 405 1363 eisdem
425 1330 688 1374 occupatoribus,
711 1330 949 1371 detentoribus,

198 1383 510 1428 praesumptoribus,
530 1383 800 1424 molestatoribus,
820 1383 953 1417 iniuria-

177 1436 345 1479 toribus,
381 1436 670 1471 contradictoribus
700 1442 730 1470 et
758 1437 951 1479 rebellibus,

200 1490 296 1525 etiam
312 1490 372 1524 sub
387 1491 532 1524 censuris
547 1495 577 1524 et
592 1490 706 1535 poenis
725 1491 952 1525 ecclesiasticis

154 1556 172 1577 ο
199 1554 238 1579 ae
257 1544 352 1578 etiarn
372 1544 568 1589 pecuniariis
587 1555 700 1578 eorum
725 1545 859 1584 arbitrio
884 1557 953 1580 mo-

200 1598 362 1640 derandis,
377 1598 556 1640 inhibendi3
570 1609 606 1632 ae
617 1598 953 1642 quibusvisinhibitio-

201 1652 307 1694 nibus,
327 1652 373 1686 eis
399 1663 458 1696 pro
477 1657 636 1696 tempore,
663 1651 758 1685 etiam
785 1658 952 1696 praetextu

204 1717 486 1752 quarumcumque
504 1706 684 1740 litterarum
704 1707 953 1741 conservatoria-

201 1771 275 1794 rum
285 1771 342 1795 seu
357 1759 600 1804 privilegiorum
615 1760 867 1804 apostolicorum
882 1761 953 1805 qui-

200 1813 340 1849 buslibet
353 1824 583 1848 concessorum
603 1818 633 1846 et
653 1813 949 1856 concedendorum,

199 1879 260 1914 pro
269 1874 415 1912 tempore
428 1867 529 1908 sactis,
537 1877 604 1901 non
615 1867 828 1909 obstantibus,
839 1878 951 1902 eorum

201 1922 456 1956 iurisdictionem
475 1921 576 1954 libere
601 1921 783 1962 exercendi;
806 1922 890 1962 loca,
912 1922 951 1955 ad

202 1986 285 2020 quae
299 1985 354 2009 eos
373 1975 534 2009 declinare
555 1974 723 2018 eontigerit
737 1980 768 2007 et
788 1974 820 2007 in
835 1975 953 2019 quibus

203 2029 340 2063 scienter
354 2035 437 2062 stare
453 2028 600 2072 permissi
610 2028 725 2067 forent,
736 2028 952 2062 ecclesiastico

205 2075 372 2116 interdicto
399 2081 600 2122 subiiciendi,
624 2081 753 2125 plenam
774 2087 804 2115 et
819 2082 953 2116 liberam

206 2135 387 2170 facultatem
411 2135 581 2169 concessit.
602 2136 646 2168 Ac
677 2134 881 2176 monitiones,
902 2147 953 2170 re-

206 2187 403 2233 quisitiones,
423 2187 632 2222 inhibitiones
656 2193 686 2221 et
712 2187 879 2221 citationes
908 2189 954 2223 sic

206 2243 305 2277 factas
323 2241 455 2285 perinde
473 2242 559 2286 ipsos
577 2241 729 2283 monitos,
760 2242 931 2285 requisi-tos
944 2269 952 2284 ,

206 2294 361 2330 inhibitos
373 2298 403 2328 et
422 2295 532 2329 citatos
543 2300 715 2336 arctarent,
730 2306 767 2328 ac
782 2295 807 2329 si
817 2295 862 2328 eis
878 2306 953 2339 per-

206 2349 361 2384 sonaliter
388 2348 501 2390 sactae,
530 2348 710 2383 insinuatae
734 2354 764 2383 et
789 2349 953 2384 intimatae

30 2433 34 2435 a
207 2404 324 2438 forent.

15 2456 45 2501 c„
250 2453 267 2497 §
281 2452 311 2486 4.
329 2452 374 2485 Ac
384 2456 462 2485 tunc
476 2451 613 2496 desuper
625 2452 955 2487 conficiendislitteris

15 2492 134 2558 Qu·
142 2511 195 2529 ⁶⁰¹¹·
209 2507 241 2537 et
272 2501 305 2535 in
332 2501 378 2535 eis
405 2500 563 2535 contentis
585 2500 865 2545 dispositionibus,
897 2512 956 2546 per

18 2539 197 2591 &2052
209 2561 431 2598 quascumque
461 2548 700 2592 derogationes,
728 2549 763 2582 in
793 2550 956 2593 quibusvis

10 2640 15 2644 ,
87 2615 90 2617 ’
99 2593 196 2636 ’ἱῖἶὲῗ
210 2600 281 2636 aliis
289 2599 403 2635 litteris
411 2597 594 2644 apostolicis
605 2598 739 2641 gratiam
747 2598 795 2631 vel
804 2597 955 2631 iustitiam

17 2664 65 2698 ,ὠ
77 2646 196 2697 mnia?
211 2655 243 2686 et
252 2649 372 2685 mixtim
385 2647 633 2688 continentibus,
648 2641 862 2692 per'eumdem
877 2657 956 2690 prae-

291 2708 457 2740 Ball-Rom.
479 2706 532 2737 Vol.
556 2704 626 2736 tm.
821 2703 839 2733 2

997 415 1232 450 efficacioribus
1252 422 1282 449 et
1301 416 1435 450 insolitis
1455 415 1619 457 clausulis,
1637 420 1668 449 et
1688 425 1746 460 per

995 481 1074 514 quas
1093 469 1279 503 earumdem
1301 469 1478 503 litterarum
1503 474 1580 503 tunc
1607 469 1747 514 desuper

995 524 1272 557 conficiendarum
1292 529 1397 563 tenor,
1419 534 1455 557 36
1475 523 1500 557 si
1521 523 1559 557 de
1579 523 1677 557 verbo
1706 523 1746 557 ad

995 577 1126 610 verbum
1147 577 1180 610 in
1200 577 1245 610 eis
1266 576 1507 617 insertussoret,
1522 587 1580 620 pro
1594 586 1744 622 expresso

994 631 1180 671 baberetur,
1193 631 1451 674 quibuscumque
1473 631 1628 675 personis,
1642 642 1698 665 seu
1711 631 1745 664 in

994 695 1107 717 eorum
1120 686 1272 724 savorem,
1290 684 1386 717 etiam
1406 690 1494 717 motu
1510 684 1642 729 proprio
1663 690 1745 719 etex

994 744 1080 771 certa
1100 738 1233 771 seientia
1253 748 1290 770 ao
1310 737 1348 770 de
1364 737 1559 781 apostolicae
1580 738 1744 782 potestatis

994 792 1194 836 plenitudine
1216 801 1383 825 concessas
1398 796 1428 823 et
1445 791 1542 823 saetas
1563 802 1599 823 ac
1629 792 1744 825 sacien-

993 846 1049 879 das
1063 851 1093 878 et
1109 845 1342 885 concedendas,
1355 845 1540 877 nullatenus
1555 844 1743 888 derogatum

993 904 1179 933 censeretur
1197 904 1252 932 aut
1271 897 1419 941 derogari
1438 903 1557 942 posset,
1572 899 1631 931 nisi
1652 904 1746 933 tenor

992 953 1179 986 earumdem
1199 958 1276 986 tunc
1303 953 1443 996 desuper
1468 951 1744 986 conficiendarum
1844 963 1855 976 ⁸

992 1007 1172 1040 litterarum
1193 1006 1232 1040 de
1251 1005 1347 1039 verbo
1363 1005 1403 1038 ad
1421 1005 1568 1045 verbum,
1586 1005 1667 1038 nihil
1687 1016 1744 1049 pe-

993 1061 1079 1094 nitus
1099 1060 1230 1100 omisso,
1254 1060 1336 1093 soret
1352 1059 1385 1092 in
1405 1058 1468 1092 iltis
1484 1058 1635 1099 insertus,
1653 1059 1745 1093 etde-

991 1114 1115 1157 rogatio
1135 1124 1194 1158 pro
1213 1120 1359 1157 ternpore
1379 1112 1461 1145 facta
1480 1111 1666 1146 huiusmodi
1688 1123 1746 1156 per

993 1169 1092 1202 trinas
1112 1168 1275 1201 distinctas
1290 1167 1413 1200 litteras
1433 1167 1583 1200 eumdem
1600 1172 1746 1200 tenorem

992 1222 1203 1262 continentes,
1218 1221 1322 1254 tribus
1337 1219 1485 1253 similiter
1498 1219 1656 1252 distinctis
1670 1219 1746 1253 vici-

991 1276 1063 1316 bus,
1086 1275 1190 1308 eidem
1210 1273 1360 1308 Societati
1376 1273 1521 1307 intimata
1534 1278 1565 1307 et
1585 1273 1747 1307 insinuata

992 1330 1082 1370 foret,
1100 1335 1131 1362 et
1143 1328 1229 1372 quod
1246 1327 1339 1361 aliter
1355 1327 1544 1361 earumdem
1564 1326 1745 1360 litterarum

992 1389 1070 1417 tunc
1084 1383 1224 1426 desuper
1240 1381 1515 1415 conficiendarum
1526 1390 1585 1425 pro
1599 1386 1747 1424 tempore

991 1439 1092 1472 factae
1107 1436 1330 1479 derogationes
1340 1434 1462 1469 nemini
1477 1435 1743 1478 suffragarentur.

1036 1491 1050 1535 g
1070 1491 1101 1525 5.
1124 1490 1282 1533 Quodque
1306 1489 1439 1532 quilibet
1456 1488 1602 1522 iudicum
1616 1494 1647 1522 et
1665 1500 1745 1523 con·
1787 1499 1893 1527 Unumque
1916 1507 1941 1523 e!

993 1550 1192 1578 servatorum
1212 1543 1432 1587 praefatorum
1452 1542 1572 1575 valeret
1591 1543 1744 1587 prosequi
1759 1534 1944 1591 ζῖἶξζωᾞῑςᾞξζ

993 1598 1179 1638 articulum,
1206 1596 1301 1630 etiam
1322 1606 1380 1640 per
1405 1595 1505 1629 alium
1534 1596 1742 1638 inchoatum,
1759 1596 1820 1648 {2³¹2OE
1843 1596 1945 1653 Ᾱξξὲῗιζ

992 1651 1137 1696 quamvis
1167 1650 1253 1683 idem
1281 1649 1438 1683 inchoans
1466 1649 1556 1683 nullo
1585 1649 1667 1683 soret
1695 1661 1746 1684 ca-
1759 1663 1822 1693 nosse
1843 1643 1941 1679 den-'¹³¹³‘

994 1704 1110 1738 nonico
1135 1704 1368 1748 impedimento
1394 1702 1619 1747 praepeditus3
1645 1693 1805 1746 quod-*¹²³

993 1769 1057 1803 que
1088 1757 1220 1791 cuilibet
1250 1762 1515 1790 conservatorum
1544 1762 1576 1790 et
1600 1756 1745 1790 iudicum

993 1811 1193 1852 eorumdem,
1209 1811 1248 1844 ab
1269 1811 1384 1845 eodem
1400 1810 1450 1844 die
1466 1816 1577 1844 octavo
1595 1810 1748 1844 kalendas

994 1866 1075 1899 iunii
1088 1871 1170 1899 esset
1180 1865 1213 1898 in
1229 1864 1412 1909 praemissis
1424 1864 1575 1897 omnibus
1584 1875 1621 1897 ac
1632 1875 1746 1898 eorum

993 1919 1138 1963 singulis,
1154 1919 1276 1962 coeptis
1292 1923 1323 1952 et
1337 1928 1402 1951 non
1416 1918 1550 1962 coeptis,
1568 1923 1644 1951 tune
1656 1929 1748 1963 prae-

994 1973 1137 2007 sentibus
1157 1980 1188 2006 et
1207 1972 1337 2013 suturis,
1364 1977 1521 2016 perpetua
1548 1977 1690 2015 potestas
1717 1977 1749 2005 et

994 2027 1174 2061 iurisdictio
1198 2026 1363 2067 attributa,
1395 2031 1429 2058 ut
1449 2036 1486 2058 eo
1514 2025 1622 2068 vigore
1645 2035 1748 2069 eaque

994 2081 1145 2114 firmitate
1164 2084 1295 2124 possent
1318 2080 1352 2112 in
1372 2078 1555 2123 praemissis
1581 2079 1745 2120 omnibus,

994 2134 1116 2179 coeptis
1136 2139 1167 2167 et
1185 2143 1250 2167 non
1271 2132 1402 2177 coeptis,
1428 2139 1504 2165 tunc
1524 2131 1749 2175 praesentibus

994 2194 1024 2223 et
1034 2188 1163 2229 suturis,
1186 2193 1217 2220 et
1235 2197 1294 2230 pro
1315 2185 1489 2230 praedictis
1503 2186 1693 2230 procedere,
1711 2196 1748 2219 ac

994 2243 1020 2277 si
1039 2241 1203 2287 praedicta
1222 2240 1330 2274 omnia
1354 2245 1384 2273 et
1413 2239 1538 2282 singula
1564 2249 1674 2273 coram
1702 2239 1748 2273 eis

994 2301 1108 2342 coepta
1138 2296 1281 2335 fuissent,
1311 2299 1340 2326 et
1370 2303 1484 2326 eorum
1510 2303 1548 2326 ac
1576 2293 1749 2327 cuiuslibet

995 2351 1141 2395 ipsorum
1152 2347 1330 2382 iurisdictio
1346 2347 1385 2381 de
1400 2346 1584 2392 praemissis
1597 2347 1748 2380 omnibus

996 2409 1027 2438 et
1037 2403 1169 2448 singulis
1177 2413 1235 2447 per
1246 2401 1430 2435 citationem
1441 2400 1490 2434 vel
1499 2400 1633 2434 modum
1648 2400 1748 2434 alium

994 2457 1183 2498 perpetuata
1203 2450 1346 2494 legitime
1366 2449 1538 2490 extitisset3
1560 2449 1671 2493 sicque
1690 2460 1748 2494 per

995 2512 1218 2547 quoscumque
1252 2500 1375 2533 iudices
1404 2504 1435 2532 et
1457 2498 1696 2532 commissarios
1717 2504 1748 2532 et

997 2561 1168 2586 causarum
1185 2549 1296 2582 Palatii
1319 2547 1494 2593 Apostolici
1519 2547 1682 2581 auditores
1710 2558 1747 2581 36

997 2602 1028 2636 S.
1051 2602 1087 2635 R.
1110 2601 1144 2634 E.
1168 2598 1358 2639 cardinales,
1380 2598 1504 2631 sublata
1519 2597 1564 2630 eis
1584 2602 1614 2630 et
1633 2607 1746 2630 eorum

998 2650 1129 2686 cuilibet
1144 2648 1254 2693 quavis
1267 2648 1360 2682 aliter
1373 2646 1535 2683 iudicandi
1543 2652 1574 2681 et
1586 2646 1745 2691 interpre-
