2059 3228
76 394 84 401 ³
132 375 147 389 '³
172 379 288 421 tibus,
310 381 532 425 superioribus
543 387 573 414 ct
583 380 728 425 personis
742 391 781 413 nc
798 380 939 424 aliquam

192 432 384 467 abbatissam
403 440 455 467 ant
485 435 579 468 aliam
608 434 802 479 praesectam
822 444 939 478 perpe-

173 491 292 530 tuam,
317 497 373 521 seu
395 488 433 521 ad
454 488 562 529 vitam,
583 488 637 522 scd
667 488 857 522 triennalem
871 493 940 522 tan-

187 545 268 582 tum,
288 541 407 585 eligere
427 548 456 575 et
476 542 651 586 praeficere
672 542 739 575 ullo
759 541 856 575 modo
880 552 938 575 au-

188 595 285 630 deant
298 596 348 629 vel
363 602 583 640 praesumant.
630 593 643 604 ⁸

177 663 181 666 ·
231 650 248 694 ἓ
265 649 298 683 lt.
320 649 411 689 Quod
431 650 457 684 si
476 661 567 684 secus
587 660 604 683 a
623 660 800 694 quoquam,
827 650 938 693 quavis

0 726 2 734 ·
56 716 76 751 ²,
99 730 101 732 .
125 703 390 745 nni-auctoritate,
412 704 509 738 fuerit
527 709 731 743 attentatum,
746 704 937 738 electionem

74 752 89 759 ”
187 761 220 791 et
249 758 502 802 praefectionem
535 757 720 791 huiusmodi
758 768 794 790 ac
828 758 938 792 omnia

186 815 219 846 et
237 810 377 855 singula,
399 817 481 856 quae
505 812 580 846 inde
613 817 804 855 sequentur,
829 811 934 855 irrita,

179 864 277 899 -nulla
298 871 329 899 et
359 865 467 899 inania
499 866 687 910 nulliusque
719 865 848 899 roboris
887 866 936 900 vel

185 920 342 954 momenti
369 921 449 955 fore.
482 920 598 965 Sicque
622 931 681 964 per
709 930 936 965 quoscumque

184 973 308 1008 iudices
349 974 531 1008 ordinarios
555 980 587 1008 et
619 975 798 1018 delegatos,
825 974 936 1018 quavis

182 1028 376 1062 auctoritate
407 1028 588 1073 fungentes,
628 1029 724 1062 etiam
761 1038 934 1062 causarum

183 1081 297 1116 Palatii
315 1082 492 1127 Apostolici
511 1082 675 1116 auditores
694 1092 731 1115 ac
759 1080 791 1114 S.
823 1081 860 1114 R.
896 1081 931 1114 E.

184 1134 376 1175 cardinales,
397 1135 523 1169 sublata
542 1135 588 1169 eis
607 1141 638 1168 et
661 1144 776 1169 eorum
802 1133 935 1167 cuilibet

182 1189 294 1232 quavis
327 1188 422 1222 aliter
444 1188 607 1222 iudicandi
635 1194 665 1222 et
698 1188 933 1232 interpretandi

183 1238 337 1272 facultate
369 1243 401 1272 et
423 1239 626 1278 auctoritate,
648 1238 682 1271 in
706 1237 818 1281 quavis
838 1248 935 1271 causa

184 1295 218 1326 et
233 1290 386 1329 instantia
405 1292 543 1326 iudicari
559 1297 590 1326 et
603 1291 732 1326 definiri
743 1291 862 1325 debere
877 1291 932 1324 de-

183 1345 361 1380 cernimus.

227 1399 295 1445 §5-
315 1399 387 1434 Non
421 1399 622 1434 obstantibus
650 1398 934 1433 constitutionibus

75 1451 80 1453 Α
130 1459 172 1484 «Ιο-
184 1458 216 1489 et
233 1453 489 1488 ordinationibus
508 1453 703 1497 apostolicis;
720 1464 758 1486 ac
772 1452 934 1487 dictorum

183 1507 455 1542 monasteriorum
485 1513 517 1541 et
543 1507 712 1548 Ordinum‚
739 1508 933 1547 iuramento,

184 1560 429 1596 confirmatione
452 1560 627 1605 apostolica
645 1561 694 1594 vel
709 1561 820 1604 quavis
834 1561 934 1594 firmi-

182 1619 248 1650 tate
266 1615 328 1649 alia
347 1615 518 1655 roboratis,
537 1615 674 1656 statutiS,
703 1621 734 1648 et
758 1621 932 1649 consuetu-

184 1669 326 1710 dinibus;
342 1669 516 1713 privilegiis
530 1678 671 1713 quoque,
682 1668 817 1702 indultis
836 1674 866 1703 et
881 1669 933 1703 lit-

183 1723 263 1759 teris
281 1722 465 1768 apostolicis
485 1722 607 1755 eisdem
639 1722 855 1762 monasteriis,
877 1731 932 1756 eo-

184 1787 325 1822 rumque
357 1776 579 1821 superioribus
613 1781 644 1809 et
668 1776 833 1820 personis,
873 1777 934 1810 sub

186 1830 446 1876 quibuscumque
481 1829 652 1863 tenoribus
685 1834 716 1862 et
747 1828 870 1870 formis,
897 1841 934 1863 ac

187 1894 262 1938 pum
281 1885 446 1930 quibusvis
479 1884 631 1918 clausulis
659 1888 691 1916 et
725 1883 862 1917 decretis
900 1883 933 1916 in

185 1940 302 1984 'genere
319 1938 370 1971 vel
389 1938 422 1971 in
438 1938 545 1983 specie
559 1948 596 1971 ac
606 1936 725 1970 aliasin
735 1937 933 1970 contrarium

188 2003 316 2038 quomo·
331 1993 428 2027 olibet
465 1992 636 2031 concessis,
673 1991 872 2024 confirmatis
905 1997 935 2025 et

187 2045 356 2088 innova÷is;
395 2046 513 2090 quilius
551 2044 700 2079 omnibus
733 2049 763 2078 et
787 2045 932 2087 singulis,

189 2110 303 2134 eorum
325 2106 464 2142 tenores,
487 2111 525 2134 ac
540 2100 565 2133 si
589 2099 629 2132 ad
648 2099 782 2132 verbum
812 2098 934 2132 inscre-

190 2369 360 2415 contrariis
378 2369 653 2413 quibuscumque.
683 2380 699 2395 ο

77 2458 82 2462 ,
234 2419 252 2464 5
270 2418 302 2452 6.
324 2418 485 2458 Ceterum,
507 2417 584 2460 quia
603 2414 731 2449 difficile
750 2414 833 2447 soret
847 2423 939 2457 prae-

78 2501 108 2510 ,
133 2473 298 2504 rto-sentes
316 2472 441 2501 nostras
460 2466 499 2499 ad
523 2466 649 2508 singula
676 2472 825 2507 quaeque
853 2462 936 2502 loca,

46 2513 54 2526 ¹
118 2512 136 2522 ”’
191 2517 248 2552 uhi
265 2515 484 2550 necessarium
504 2514 609 2550 fuerit,
629 2512 766 2551 deferre,
792 2511 939 2543 volumus

62 2621 97 2691 ’ὲ

72 2701 95 2722 Α

809 217 983 244 onroomrs
1001 217 1057 242 rin
1076 216 1124 241 rr.

100 307 102 310 .
172 267 194 282 '⁴
239 273 304 319 §3-
325 273 507 308 Districtius
527 273 709 307 inhibentes
729 273 880 305 omnibus
910 277 939 305 ct
984 270 1076 302 cuius
1101 278 1257 313 personae
1282 269 1314 303 in
1338 268 1491 312 dignitate
1515 266 1733 302 ecclesiastica

40 344 41 349 =
113 320 329 371 'uo-,singulis
339 328 500 362 dictorum
518 327 787 361 monasteriorum
804 336 941 360 convcn-
983 322 1174 356 constitutae
1196 323 1338 363 munitis,
1361 323 1472 357 cadem
1489 331 1621 366 prorsus
1637 321 1730 362 fideS,

192 2566 279 2611 quod
297 2566 427 2599 illarum
447 2561 667 2605 transumptis,
688 2569 784 2592 manu
801 2557 940 2590 alicuius

193 2614 311 2650 notarii
331 2613 454 2659 publici
473 2609 673 2653 subscriptis,
695 2615 726 2642 et
749 2606 855 2650 sigillo
878 2605 938 2638 ali·
958 2618 964 2648 ῃ

981 376 1015 409 in
1035 375 1156 409 iudicio
1173 382 1201 408 et
1214 382 1313 416 extra,
1331 376 1533 416 adhiheatur,
1547 384 1629 418 quae
1639 384 1732 418 prae-

982 430 1127 463 sentibus
1143 430 1362 470 adhiberetur,
1391 430 1417 463 si
1445 430 1549 462 forent
1571 427 1732 462 exhibitae

980 484 1030 517 vel
1050 488 1206 516 ostensae.

1025 535 1140 570 Datum
1173 536 1292 569 Romae
1321 536 1405 580 apud
1436 536 1468 569 S.
1498 536 1642 575 Petrum,
1670 535 1731 570 sub

979 591 1100 624 annulo
1120 590 1302 631 piscatoris,
1323 590 1374 623 die
1385 600 1395 623 1
1408 590 1544 623 ianuarii
1555 599 1728 632 nnuman,

979 644 1186 688 pontificatus
1205 644 1307 677 nostri
1327 653 1411 677 anno
1430 653 1474 677 x1.

1044 701 1108 733 Dat.
1124 702 1199 732 diet
1217 702 1278 732 ian.
1295 701 1382 737 1583,
1400 700 1502 740 pontif.
1524 708 1601 731 anno
1623 708 1661 730 m.

1289 861 1414 896 CXLIV.

976 940 1008 974 F
1005 941 1130 974 acultas
1141 939 1393 982 archiepiscopis
1404 943 1433 971 et
1445 940 1598 981 episcopis
1617 938 1637 971 I
1638 934 1730 972 mlia-⁴

1020 1005 1094 1027 rum
1113 998 1142 1026 et
1163 993 1202 1026 ab
1222 993 1266 1025 eis
1285 992 1527 1035 subdeleycmdis
1546 991 1729 1024 absolvendi

1021 1047 1121 1081 ,Indos
1145 1051 1174 1080 et
1197 1046 1327 1079 Mauros
1347 1057 1384 1079 ac
1403 1055 1512 1078 corum
1527 1045 1610 1087 filios
1629 1056 1649 1078 ιι
1668 1044 1729 1077 cri-

1020 1102 1109 1135 mine
1139 1101 1280 1134 haeresis
1299 1104 1329 1133 et
1357 1099 1563 1132 idololatriac
1593 1109 1629 1131 ac
1653 1097 1729 1131 aliis

1018 1157 1157 1200 peccatis
1181 1155 1257 1188 Sedi
1280 1154 1481 1198 Apostolicac
1504 1152 1675 1185 reservatis
1698 1154 1728 1184 et

1020 1211 1057 1244 in
1077 1210 1165 1243 bulla
1185 1209 1310 1243 Coenae
1329 1207 1488 1241 con-tentis
1508 1206 1534 1238 ¹.

991 1285 1138 1322 Gregorius
1148 1286 1218 1321 Papa
1226 1284 1294 1317 xm.
1306 1283 1340 1312 ad
1349 1282 1476 1312 futuram
1484 1281 1526 1310 rei
1542 1280 1710 1309 memoriam.

1020 1353 1114 1393 Cum,
1145 1352 1227 1386 sicut
1253 1349 1371 1394 exponi
1398 1347 1492 1381 nobis
1521 1357 1626 1391 nuper
1652 1347 1728 1380 fecit

976 1407 1185 1442 charissimus
1204 1405 1238 1438 in
1262 1404 1387 1438 Christo
1407 1402 1494 1436 filius
1516 1408 1625 1435 noster
1651 1401 1726 1434 Phi-

974 1462 1083 1506 lippus
1105 1459 1334 1504 Hispaniarum
1358 1468 1413 1491 rex
1433 1455 1622 1496 catholicus,
1644 1465 1727 1488 non-

975 1516 1057 1550 nulli
1077 1515 1276 1549 confessores
1300 1520 1435 1545 suorum
1465 1519 1641 1552 regnorum
1670 1508 1726 1541 Hi-

975 1570 1161 1615 spaniarum
1191 1565 1367 1606 tenuerint,
1405 1563 1513 1607 vigore
1537 1563 1725 1596 facultatum

974 1624 1143 1658 Cruciatae
1168 1621 1291 1655 dudum
1315 1630 1334 1653 a
1361 1618 1465 1652 felicis
1493 1615 1726 1651 recordationis

952 1699 956 1711 .
974 1678 1031 1710 Pio
1050 1677 1137 1721 Papa
1154 1675 1191 1717 V,
1212 1673 1462 1719 praedecessore
1480 1675 1604 1710 nostro,
1617 1668 1726 1712 regnis

975 1729 1148 1775 praedictis
1173 1739 1210 1762 ac
1243 1726 1379 1761 subditis
1407 1724 1553 1759 eiusdem
1584 1720 1725 1766 Philippi

975 1784 1059 1828 regis
1082 1788 1114 1817 et
1137 1782 1209 1816 aliis
1228 1781 1267 1815 ad
1295 1780 1350 1813 illa
1378 1777 1617 1812 declinantibus
1647 1785 1725 1809 con-

975 1848 1094 1879 cessae,
1106 1837 1309 1881 poenitentes
1322 1846 1340 1868 a
1357 1833 1491 1868 crimine
1510 1830 1652 1864 haeresis
1672 1829 1726 1862 ab-

975 1893 1053 1926 solvi
1074 1902 1181 1936 posse,
1203 1890 1291 1924 unde
1310 1899 1368 1922 nos
1387 1897 1446 1931 per
1464 1891 1590 1919 nostras
1609 1883 1643 1916 in
1663 1882 1726 1916 for-

977 1957 1029 1979 ma
1047 1945 1155 1978 brevis
1174 1944 1315 1988 desuper
1335 1940 1496 1983 expeditas
1520 1938 1641 1971 litteras
1668 1936 1725 1969 de-

977 1999 1169 2034 claravimus
1193 1996 1310 2030 mentis
1335 1994 1479 2028 eiusdem
1510 1991 1558 2025 Pii
1587 1989 1724 2035 praede-

977 2055 1112 2089 cessoris
1136 2058 1168 2086 et
1190 2057 1319 2085 nostrae
1342 2059 1407 2083 non
1431 2047 1528 2081 fuisse
1551 2055 1612 2078 nec
1641 2053 1722 2084 esse,

977 2109 1122 2144 eiusdem
1159 2106 1327 2141 Cruciatae
1370 2109 1401 2136 et
1441 2107 1726 2145 quarumcumque

189 2158 302 2187 rentur
324 2154 559 2198 Pl'aesemibffi’
586 2163 646 2197 P1'0
666 2151 862 2185 SUffiC‘issmffl'
882 2163 935 2185 CX·
954 2172 958 2192 t
977 2161 1251 2206 indulgentiarum
1270 2158 1390 2201 vigore,
1416 2154 1513 2189 alicui
1539 2154 1724 2187 facultatem

189 2207 307 2252 PTssSSiS
323 2208 490 2249 habentes,
511 2207 575 2240 illis
595 2207 672 2239 all-³3
692 2206 725 2239 in
745 2206 936 2239 5¹¹01'0b01'0
955 2194 958 2256 Ι
978 2218 1103 2261 aliquos
1122 2226 1140 2248 a
1160 2213 1295 2247 crimine
1318 2209 1460 2244 haeresis
1488 2218 1545 2241 seu
1572 2206 1642 2240 aliis
1670 2216 1724 2239 ca-

188 2261 421 2306 permansuris,
446 2262 507 2294 hac
530 2261 599 2294 w'ce
619 2261 794 2299 dumtaxat,
813 2259 936 2302 specia-
955 2258 959 2312 l
977 2271 1065 2305 sibus
1102 2268 1213 2302 officio
1246 2263 1472 2299 sanctissimae
1502 2259 1725 2304 Inquisitionis

158 2339 160 2342 v
187 2316 264 2351 liter
288 2322 320 2350 et
347 2325 495 2360 expresse
523 2315 726 2358 derogamus,
755 2312 959 2356 ceterisquc‘

978 2323 1219 2370 praedictorum
1238 2328 1411 2362 regnorum
1432 2326 1491 2360 per
1507 2315 1649 2348 diversos
1664 2314 1725 2347 Ro-

979 2387 1091 2411 manos
1114 2373 1285 2408 Pontifices
1305 2371 1568 2416 praedecessores
1597 2372 1726 2402 nostros

980 2437 1010 2464 et
1034 2440 1091 2462 nos
1121 2426 1302 2471 specialiter
1332 2423 1500 2457 reservatis
1542 2421 1726 2455 absolvendi

981 2482 1186 2518 concessisse.
1222 2479 1365 2522 Cumque
1399 2475 1585 2510 huiusmodi
1617 2475 1725 2509 decla-

981 2537 1060 2571 ratio
1081 2545 1138 2579 pcr
1158 2543 1227 2574 nos,
1248 2538 1283 2565 ut
1300 2530 1493 2576 praefertur,
1506 2529 1590 2563 facta
1599 2529 1634 2563 in
1649 2527 1727 2572 ipsis

1019 2615 1029 2640 t
1047 2612 1089 2639 Ex
1102 2611 1214 2645 Regest.
1235 2608 1264 2636 in
1283 2607 1387 2636 Secret.
1404 2605 1550 2634 Brevium.

1624 204 1689 240 405
1745 210 1799 241 An.
1814 210 1844 240 C.
1861 207 1928 241 1583
