2059 3228
41 282 90 312 An.
106 282 135 311 C.
153 281 221 311 ¹⁸72

235 341 392 381 perpetuo
407 335 486 375 fore,
509 343 634 368 necnon
651 333 689 367 ab
706 331 854 367 omnibus
874 331 982 363 obser-

234 389 301 422 vari
321 389 458 428 deberc;
478 388 628 432 ipsosque
645 392 676 420 ct
694 396 767 420 cum
787 385 832 418 eis
851 390 979 418 contra-

234 443 347 477 hentes
362 441 534 488 praefatos,
553 452 650 485 super
664 438 845 485 praemissis
860 444 888 471 et
905 437 980 471 inde

235 496 353 530 secutis
377 495 648 540 quibuscumque,
667 503 724 538 per
739 502 978 535 quoscumque,

235 550 347 593 quavis
359 549 558 589 auctoritate,
571 544 979 593 quomodolibetmolestari

235 604 284 637 vel
297 603 446 647 impediri
465 613 529 636 non
548 611 651 646 posse;
667 609 792 632 necnon
809 598 934 631 irritum
951 604 981 631 et

203 681 205 683 -
236 655 343 696 inane,
359 656 384 689 si
397 666 489 689 secus
505 653 664 699 superbis
679 662 697 685 a
714 662 890 695 quoquam,
903 663 981 695 qua-

236 709 282 743 vis
300 710 506 750 auctoritate,
537 707 674 741 scienter
700 705 750 738 vel
776 705 979 749 ignoranter,

236 762 403 805 eontigerit
425 760 581 795 attentari.

280 817 295 860 ἓ
314 816 345 850 3.
381 815 535 855 Quocirca
560 811 796 846 venerabilibus
830 812 980 845 fratribus

64 877 178 906 nep-uuo
201 882 221 897 οι
238 869 354 903 nostris
373 868 480 903 Ioanni
497 865 647 910 episcopo
667 864 851 905 Albanensi,
874 865 979 898 cardi-

39 909 130 962 ssssin‘f'
144 913 226 930 ‘¹⁰⁶⁰'
237 923 302 955 nali
317 922 357 956 de
372 918 626 964 Montepolitiano
642 923 841 961 nuncupato,
855 918 981 952 Ordinis

237 976 370 1010 fratrum
383 972 594 1007 Eremitarum
606 971 715 1005 Sancti
727 972 896 1014 Augustini
908 983 981 1016 pro·

237 1027 359 1068 tectori,
379 1032 410 1060 et
426 1024 606 1059 Alexandro
625 1024 828 1068 patriarchae
848 1026 980 1059 Alexan-

237 1082 340 1121 drino,
365 1078 478 1113 Curiae
494 1088 666 1111 causarum
681 1078 832 1112 Gamerae
849 1080 980 1122 Aposto-

238 1135 315 1168 licae
332 1132 473 1176 generali
498 1131 650 1172 auditori,
678 1142 716 1164 ac
735 1132 980 1166 Bartholomaeo

235 1186 384 1231 episcopo
402 1185 571 1225 Amerino,
583 1184 800 1218 Cancellariae
824 1186 981 1229 Apostoli-

235 1250 291 1274 cae
309 1239 444 1283 regenti,
457 1249 545 1272 nunc
561 1244 591 1272 et
606 1249 664 1282 pro
680 1244 826 1282 tempore
846 1239 980 1273 existen-

233 1293 330 1335 tibus,
343 1304 401 1337 per
415 1298 601 1338 praesentes
610 1292 842 1326 committimus
855 1299 982 1327 etman-

233 1347 347 1381 damus
374 1352 533 1391 quatenus
557 1346 617 1390 ipsi
641 1347 690 1379 vel
723 1347 787 1380 duo
815 1352 869 1380 aut
895 1358 981 1380 unus

233 1411 358 1441 eorum,
378 1411 436 1445 per
455 1411 488 1434 se
507 1401 556 1434 vel
570 1400 671 1434 alium
695 1411 752 1433 seu
775 1400 866 1441 alios,
890 1412 981 1444 prae—

232 1459 338 1488 sentes
348 1454 468 1488 litteras
481 1455 556 1488 etin
577 1455 623 1489 eis
642 1460 793 1488 contenta
804 1465 980 1498 quaecum-

233 1517 309 1551 que,
326 1507 382 1540 ubi
401 1513 433 1541 et
451 1508 580 1552 quando
597 1519 678 1552 opus
693 1507 800 1547 fuerit,
824 1507 980 1550 requisiti,

232 1561 420 1595 solemniter
439 1561 651 1605 publicantes,
672 1561 782 1605 eisque
813 1566 844 1594 et
868 1572 981 1594 eorum

234 1614 367 1648 cuilibet
378 1615 412 1648 in
427 1615 610 1659 praemissis
629 1615 767 1648 efficacis
787 1614 982 1648 defensionis

233 1668 395 1713 praesidio
410 1668 603 1709 assistentes,
618 1668 736 1702 faciant
750 1668 876 1701 easdem
889 1678 982 1712 prae-

234 1727 341 1756 sentes
360 1727 392 1756 et
409 1721 444 1755 in
462 1722 508 1755 eis
527 1727 679 1755 contenta
698 1732 924 1766 quaecumque
943 1721 982 1754 ab

235 1775 398 1817 omnibus,
414 1786 496 1819 quos
511 1775 566 1808 illa
581 1781 794 1815 concernunt,
814 1775 937 1817 integre
953 1780 984 1807 et

190 1823 194 1826 ¹
236 1829 463 1863 inviolabiliter
483 1829 655 1862 observari.
676 1829 747 1862 Nou
763 1828 984 1873 permittentes
1003 1824 1005 1827 ’

236 1894 291 1917 eos
310 1888 366 1916 aut
384 1893 498 1916 eorum
531 1882 672 1926 aliquem
703 1882 843 1926 desuper
872 1887 985 1914 contra

236 1936 425 1970 earumdem
445 1936 662 1979 praesentium
682 1941 828 1969 tenorem
847 1945 984 1979 quomo-

237 1990 358 2024 dolibet
372 1989 514 2022 indebite
533 1988 708 2022 molestari.
729 1988 987 2022 Contradictores

237 2043 400 2088 quoslibet
418 2047 450 2076 et
467 2042 603 2076 rebelles
623 2053 681 2086 per
705 2042 889 2082 sententias,
911 2052 986 2075 cen-

239 2107 331 2130 suras
365 2101 397 2130 et
433 2106 553 2140 poenas
590 2095 821 2129 ecclesiasticas
861 2095 987 2138 aliaque

240 2155 424 2193 opportuna
442 2150 522 2184 iuris
536 2155 568 2184 et
578 2149 654 2183 sacti
673 2149 829 2190 remedia,
844 2150 988 2194 appella-

241 2202 330 2236 tione
347 2203 533 2248 postposita,
553 2203 800 2247 compescendo,
826 2203 990 2246 legitimis-

242 2266 307 2300 que
326 2266 424 2300 super
441 2257 493 2289 his
510 2256 668 2290 habendis
682 2256 813 2290 servatis
828 2256 988 2300 precessi-

242 2309 316 2350 bus,
341 2309 524 2351 sententias,
546 2320 698 2343 censuras
713 2315 749 2353 et
767 2320 887 2354 poenas
907 2310 991 2353 ipsas

244 2362 341 2396 etiam
366 2362 486 2396 iteratis
511 2362 633 2397 vicibus
655 2363 876 2407 aggravand03
901 2363 990 2396 invo-

245 2420 317 2450 cato
337 2416 433 2449 etiam
453 2417 492 2449 ad
508 2416 581 2458 hoc,
601 2417 626 2450 si
645 2427 727 2460 opus
746 2417 854 2458 fuerit,
872 2416 992 2450 auxilio

0 2484 22 2520 ,-
244 2465 370 2499 brachii
390 2466 575 2499 saecularis.

0 2516 35 2571 τί
291 2515 354 2559 54.
375 2515 446 2548 Non
465 2515 664 2548 obstantibus
675 2515 778 2549 felicis
796 2515 994 2549 recordatio-

61 2567 172 2610 ήκω,
185 2586 236 2604 eon·
247 2564 298 2598 nis
316 2563 471 2597 Boniracii
487 2563 592 2607 Papae
603 2563 720 2605 octavi,
737 2564 994 2609 praedecessoris

2 2614 20 2641 l*
55 2615 172 2638 m
248 2614 361 2654 nostri,
373 2613 413 2647 de
424 2623 502 2654 una,
517 2613 591 2646 etin
606 2612 744 2647 concilio
759 2612 900 2655 generali
911 2612 996 2646 edita

248 2663 290 2698 de
307 2662 434 2698 duabus
464 2662 590 2703 diaetis,
619 2661 796 2696 dummodo
826 2661 909 2694 ultra
932 2668 997 2694 tres

833 277 1010 303 annnontt's
1033 278 1088 301 W!
1108 278 1154 302 ΓΡ.

1685 265 1728 299 15

1022 330 1142 362 diaetas
1161 330 1243 373 quis,
1261 330 1367 373 vigore
1383 329 1612 374 praesentium,
1628 328 1668 361 ad
1684 327 1770 361 iudi-

1021 382 1106 416 cium
1132 394 1196 416 non
1217 383 1373 424 trabatur,
1396 389 1428 417 et
1447 383 1518 417 aliis
1534 381 1771 416 constitutioni-

1020 436 1080 469 bus
1100 442 1128 470 et
1150 437 1408 470 ordinationibus
1429 436 1626 481 apostolicis,
1643 446 1769 469 necnon

1022 490 1197 533 quibusvis,
1209 490 1303 523 etiam
1318 490 1511 531 iuramento,
1525 489 1771 524 confirmatione

1021 543 1195 586 apostolica
1215 543 1262 575 vel
1283 543 1393 586 quavis
1418 544 1569 577 suauitate
1588 543 1649 576 alia
1673 543 1769 576 robo-

1021 597 1108 637 ratis,
1130 597 1257 630 statutis
1268 602 1299 630 et
1319 597 1623 638 consuetudinibus3
1639 597 1769 642 privile-

1021 650 1079 693 giis
1093 660 1233 694 quoque,
1254 649 1387 683 indultis
1403 656 1433 682 et
1455 650 1567 683 litteris
1588 650 1770 695 apostolicis

1021 704 1195 748 quibusvis,
1212 703 1271 736 sub
1287 703 1546 747 quibuscumque
1563 704 1727 738 tenoribus
1739 709 1770 738 et

1023 758 1144 798 formis,
1171 768 1207 791 ac
1229 768 1302 790 cum
1318 756 1495 800 quibusvis,
1518 757 1613 791 etiam
1633 759 1769 801 deroga-

1022 811 1178 844 toriarum
1211 810 1423 854 derogatoriis
1448 811 1584 855 aliisque
1614 812 1770 845 efficacio-

1022 865 1111 897 ribus
1130 864 1310 898 etinsolitis
1329 863 1492 904 clausulis,
1513 876 1550 898 ac
1570 865 1771 899 irritantibus

1021 924 1051 951 et
1070 918 1141 951 aliis
1165 918 1312 957 decretis,
1333 917 1366 950 in
1386 928 1502 961 genere
1521 918 1569 950 vel
1589 918 1621 951 in
1647 919 1769 962 specie,

1022 971 1116 1005 etiam
1137 977 1226 1004 motu
1246 971 1379 1016 proprio
1399 981 1436 1004 ac
1461 971 1539 1004 alias
1568 973 1770 1015 quomodoli-

1020 1026 1086 1066 bet,
1108 1025 1203 1059 etiam
1224 1025 1347 1058 iteratis
1366 1025 1488 1058 vicibus
1509 1026 1686 1066 concessis,
1716 1038 1770 1071 ap-

1021 1079 1165 1124 probatis
1184 1085 1215 1113 et
1233 1079 1404 1121 innovatis,
1430 1079 1548 1122 quibus
1567 1080 1716 1113 omnibus
1740 1085 1770 1113 et

1021 1133 1167 1175 singulis,
1194 1133 1289 1166 etiarn
1317 1133 1343 1166 si
1363 1133 1402 1166 de
1422 1133 1485 1166 illis
1504 1144 1541 1166 ac
1564 1133 1637 1166 totis
1657 1144 1768 1166 eorum

1022 1187 1187 1220 tenoribus
1206 1187 1366 1231 specialis,
1384 1187 1544 1231 specifica,
1558 1187 1721 1220 individua
1741 1194 1771 1221 et

1022 1251 1169 1285 expressa
1189 1241 1308 1274 mentio
1328 1241 1488 1282 habenda,
1515 1247 1570 1274 aut
1581 1241 1690 1284 aliqua
1709 1242 1770 1274 alia

1021 1294 1174 1338 exquisita
1200 1294 1302 1327 forma
1335 1294 1375 1328 ad
1401 1295 1463 1328 hoe
1491 1294 1645 1328 servanda
1670 1301 1767 1335 esset,

1021 1353 1148 1382 tenores
1164 1348 1364 1389 huiusmodi,
1380 1359 1416 1381 ac
1437 1348 1462 1381 si
1481 1348 1520 1382 de
1539 1348 1635 1382 verbo
1651 1348 1690 1381 ad
1703 1360 1770 1382 ver-

1022 1402 1097 1435 bum
1117 1402 1337 1436 insererentur
1355 1402 1590 1446 praesentibus,
1612 1413 1671 1447 pro
1686 1403 1771 1435 suffi-

1022 1456 1144 1489 cienter
1167 1456 1322 1500 expressis
1345 1456 1513 1496 habentes,
1536 1455 1599 1489 illis
1630 1456 1707 1489 alias
1738 1456 1770 1489 in

1022 1521 1080 1543 suo
1100 1510 1217 1543 robore
1240 1509 1474 1554 permansuris,
1496 1510 1556 1542 hae
1584 1509 1653 1543 vice
1679 1510 1771 1543 dum-

1022 1570 1117 1604 taxat,
1140 1564 1322 1608 specialiter
1342 1569 1372 1597 et
1391 1574 1538 1607 expresse
1557 1562 1769 1606 derogamus,

1023 1617 1202 1661 ceterisque
1227 1617 1396 1651 contrariis
1417 1617 1688 1660 quibuscumque3
1715 1628 1771 1650 seu

1023 1671 1047 1704 si
1068 1672 1242 1715 aliquibus,
1265 1671 1481 1704 communiter
1499 1671 1547 1703 vel
1567 1670 1703 1710 divisim,
1730 1671 1770 1703 ab

1024 1726 1134 1759 eadem
1160 1727 1199 1759 sit
1223 1725 1305 1760 Sede
1324 1725 1485 1758 indultum
1505 1725 1592 1769 quod
1608 1724 1767 1764 interdici,

1024 1779 1174 1824 suspendi
1199 1780 1247 1813 vel
1271 1778 1544 1812 excommunicari
1564 1789 1629 1811 non
1649 1778 1771 1822 possint

1025 1844 1082 1877 per
1101 1833 1223 1867 litteras
1239 1833 1431 1878 apostolicas
1451 1843 1515 1865 non
1530 1832 1681 1865 facientes
1701 1832 1770 1875 plc-

1026 1898 1100 1920 nam
1114 1893 1144 1920 et
1159 1898 1340 1932 expressam
1354 1898 1390 1920 ac
1406 1887 1444 1920 de
1459 1886 1555 1919 verbo
1576 1886 1614 1918 ad
1637 1885 1771 1918 verbum

1029 1941 1068 1974 de
1088 1941 1212 1974 indulto
1232 1940 1420 1973 huiusmodi
1440 1939 1649 1972 mentionem.

1070 1994 1183 2027 Datum
1200 1994 1319 2027 Romae
1345 1993 1430 2038 apud
1449 1992 1599 2025 Sanctum
1624 1991 1772 2031 Petrum,

1027 2048 1086 2082 sub
1107 2049 1227 2081 annulo
1250 2047 1436 2087 piscatoris,
1461 2047 1511 2079 die
1530 2055 1549 2078 v
1572 2044 1772 2088 septembris,

1029 2101 1198 2135 millesimo
1215 2101 1472 2146 quingentesimo
1483 2098 1717 2143 septuagesimo
1727 2108 1774 2132 se-

1029 2156 1147 2195 cunde,
1166 2156 1371 2199 pontificatus
1394 2152 1494 2187 nostri
1513 2162 1598 2186 anno
1618 2163 1639 2185 1.

1092 2214 1155 2244 Dat.
1173 2214 1219 2244 die
1234 2214 1252 2243 5
1267 2217 1340 2253 sept.
1361 2213 1449 2249 1572,
1469 2211 1573 2252 pontif.
1596 2219 1673 2241 anno
1688 2219 1708 2242 1.

1365 2401 1440 2434 VIII.

1034 2502 1203 2536 Institutio
1228 2500 1366 2533 militiae
1389 2499 1423 2532 S.
1446 2498 1599 2532 Mauritii
1612 2498 1779 2541 martyris,

1078 2557 1134 2588 sub
1154 2555 1275 2597 Requla
1303 2553 1538 2592 &memiensis
1561 2563 1596 2585 ac
1619 2552 1675 2584 sub
1700 2553 1779 2596 νεμέ-

1082 2610 1167 2642 mine
1186 2607 1376 2641 Emannelis
1397 2606 1575 2639 Plziliberti
1597 2604 1782 2638 Sabandiae

1081 2663 1169 2696 ducis
1192 2671 1383 2705 suorumque
1402 2669 1626 2700 successorum,
1656 2659 1711 2702 qui
1735 2658 1782 2691 di-

1785 275 1834 303 Αη.
1849 274 1880 303 C.
1898 273 1967 303 ¹572
