2059 3228
34 279 40 286 .
54 254 122 286 ¹520

132 318 170 344 ea
187 309 430 354 quomodolibet
449 312 642 353 necessaria,
671 312 758 345 iuxta
788 312 874 344 ordi-

131 361 291 396 nationem
310 363 450 407 desuper
469 376 528 409 per
542 365 742 409 praedictum
763 364 876 397 chri-

131 425 205 450 cum
224 426 333 460 regem
346 417 461 450 factam
474 429 530 451 seu
546 418 740 459 faciendam,
763 428 874 460 gerere

131 475 163 503 et
180 479 340 511 exercere,
375 470 548 505 dioecesani
582 471 644 505 loci
668 482 724 505 seu
749 471 875 515 praedi-

129 526 255 556 ctorum
275 523 406 568 capituli
436 525 484 559 vel
521 525 660 559 cuiusvis
679 524 811 558 alterius
835 524 874 557 li-

129 575 234 610 centia
252 576 300 610 vel
319 587 479 611 consensu
514 579 653 623 desuper
673 577 806 610 minime
825 587 874 609 re-

128 628 266 672 quisitis.

171 682 188 727 §
206 681 236 716 5.
259 682 339 716 Cum
359 695 458 718 onere
479 692 586 719 tamen
613 690 643 718 et
675 684 873 727 obligatione

55 737 118 762 ω’·-
129 736 215 780 quod
233 737 406 780 collegium
421 739 529 772 Sancti
545 738 684 783 Spiritus
704 749 760 772 seu
781 749 874 782 prae-

65 770 118 818 “nff
128 788 252 834 positus
275 795 307 823 et
331 797 473 825 rectores
493 803 529 825 ac
558 791 736 836 presbyteri
763 792 872 824 Socie-

127 840 200 875 tatis
217 841 417 885 huiusmodi,
429 844 597 888 perpetuis
614 844 730 877 suturis
746 850 872 888 tempo-

126 894 228 935 ribus,
248 896 344 929 modo
363 902 394 930 et
406 896 509 931 forma
523 897 563 930 ad
575 898 639 930 hoc
651 908 710 941 per
720 898 870 931 eumdem

125 947 301 982 Henricum
321 959 429 993 regem
449 960 506 983 seu
533 961 704 995 personam
724 951 772 983 vel
797 961 871 994 per—

125 1009 220 1034 sonas
244 1001 284 1034 ad
313 1001 345 1035 id
370 1003 410 1035 ab
434 1013 473 1036 eo
505 1014 565 1047 pro
597 1009 743 1048 tempore
768 1003 870 1048 depu-

124 1053 238 1087 tandas
267 1056 475 1100 praescriptis
503 1067 561 1090 seu
597 1057 868 1100 praescribendis,

124 1111 255 1140 centum
274 1109 481 1153 cappellanos
505 1121 562 1143 seu
589 1111 765 1151 scholares,
787 1121 870 1154 quo-

124 1169 198 1193 rum
239 1160 475 1206 quinquaginta
511 1163 693 1206 theologiae
717 1163 750 1196 in
784 1164 869 1196 dicto

124 1212 261 1257 collegio
280 1214 529 1255 purificationis,
550 1221 582 1249 et
598 1215 652 1248 alii
670 1215 782 1259 viginti
794 1227 870 1259 qua-

80 1299 84 1306 ,
124 1271 199 1299 tuor
225 1266 348 1300 artibus
372 1268 616 1312 temporalibus,
648 1269 767 1312 reliqui
795 1280 870 1303 vero

124 1318 234 1362 viginti
245 1329 299 1352 sex
309 1321 491 1364 cappellani
507 1331 562 1354 seu
579 1321 742 1355 scholares
753 1321 870 1354 huius-

125 1371 212 1405 modi
240 1371 367 1406 casibus
404 1374 611 1407 conscientiae
636 1381 724 1408 extra
763 1375 870 1419 ipsum

124 1425 296 1469 collegium
315 1426 553 1460 Purificationis
572 1428 605 1461 in
625 1428 711 1461 dicta
737 1428 870 1462 Univer-

123 1477 216 1512 sitate
245 1478 445 1521 incumbant,
472 1481 632 1524 assignata
660 1491 774 1514 eorum
801 1481 869 1514 sin-

124 1530 207 1573 gulis
225 1542 334 1565 annua
359 1532 520 1576 portione,
552 1544 635 1577 quae
667 1534 708 1567 sit
736 1534 869 1568 omnino

124 1583 238 1625 libera,
260 1585 414 1619 immunis
430 1591 462 1619 et
481 1592 641 1630 exempta,
666 1598 704 1620 ac
723 1587 819 1620 modo
839 1594 871 1620 et

124 1637 226 1670 forma
239 1647 366 1671 necnon
381 1638 412 1671 in
429 1639 575 1672 terminis
591 1650 628 1672 ac
647 1639 706 1673 sub
727 1640 870 1673 censuris

125 1695 158 1723 et
179 1690 292 1734 poenis
319 1701 378 1735 per
403 1691 509 1736 ipsum
540 1693 716 1726 Ilenricum
746 1704 867 1736 regem,

125 1752 183 1776 seu
202 1743 242 1776 ab
262 1754 300 1777 eo
320 1744 359 1777 ad
378 1744 412 1778 id
430 1745 599 1789 deputatos
631 1747 680 1780 vel
709 1747 869 1791 deputan-

125 1796 193 1837 dos,
216 1798 402 1839 statuendis,
428 1798 549 1841 absque
575 1799 682 1842 aliqua
707 1801 870 1833 contradi-

126 1848 232 1882 ctione
251 1855 282 1883 et
305 1851 506 1895 exceptione,
535 1852 569 1885 in
595 1853 707 1886 eodem
734 1853 870 1896 collegio

127 1901 361 1937 Purificationis
401 1905 481 1937 solvi
517 1905 649 1946 debeat,
691 1906 871 1949 theologiae

128 1954 296 1995 videlicet,
341 1957 594 2001 quinquaginta,
637 1960 761 1993 artibus
795 1970 871 1993 vero

128 2013 160 2041 et
184 2009 312 2043 casibus
335 2011 550 2044 conscientiae
578 2013 766 2046 vacantibus
794 2024 870 2057 cap-

127 2061 263 2104 pellanis
281 2073 339 2095 seu
371 2063 574 2097 scholaribus
590 2064 791 2106 huiusmodi,
812 2066 871 2098 tri-

127 2113 214 2156 ginta
250 2115 469 2149 cruciatorum
514 2124 663 2151 monetae
703 2119 871 2161 Portugal—

127 2165 200 2208 liae,
239 2169 455 2211 sustentandi,
482 2175 513 2202 et
541 2180 714 2204 numerum
742 2178 872 2205 centum

127 2220 394 2263 cappellanorum
436 2233 492 2256 seu
528 2223 726 2257 scholarium
759 2225 871 2258 huius-

128 2273 214 2306 modi
248 2284 401 2318 semper,
427 2275 470 2308 ita
503 2277 608 2319 quod,
647 2277 811 2320 aliquibus
836 2289 871 2312 ex

129 2325 175 2358 eis
202 2326 426 2361 deficientibus
452 2339 509 2362 seu
541 2331 777 2371 recedentibus,
820 2332 872 2364 alii

127 2378 200 2412 loco
235 2390 347 2413 eorum
380 2389 602 2425 surrogentur,
628 2385 870 2425 manutenendi,

111 2441 166 2468 nc
178 2431 211 2465 in
228 2443 321 2466 usum
337 2433 413 2466 dicti
431 2434 598 2478 hospitalis
611 2442 641 2469 et
656 2437 871 2479 collegialium

129 2489 167 2512 ac
195 2481 334 2514 aliorum
360 2493 541 2526 pauperum
566 2484 763 2516 scholarium
783 2484 873 2517 infir-

130 2537 257 2561 morum
286 2529 319 2562 in
352 2540 390 2563 eo
419 2541 477 2574 pro
512 2536 657 2574 tempore
688 2533 873 2576 degentium

130 2585 288 2610 summam
308 2579 585 2621 septingentorum
598 2585 628 2613 et
643 2581 874 2624 quinquaginta

131 2625 346 2660 cruciatorum
381 2627 547 2670 similium,
574 2628 600 2661 si
628 2629 801 2664 necessitas
832 2630 874 2663 ita

737 258 912 284 Gnenomtts
930 257 983 282 xm
1004 258 1051 281 ΡΙ),

916 309 1135 354 postulaverit,
1158 310 1322 343 annuatim
1343 311 1510 353 erogandi,
1533 321 1658 344 necnon

915 369 980 396 tam
1000 362 1167 405 hospitalis
1187 373 1282 406 quam
1308 364 1433 407 collegii
1457 364 1660 398 Purificatio-

915 415 966 448 nis
984 414 1171 448 huiusmodi
1191 416 1344 450 fabricam
1369 417 1402 450 in
1423 417 1488 450 suis
1507 418 1661 452 aedificiis

916 474 946 501 et
966 468 1136 501 structuris
1155 469 1343 503 necessariis
1363 472 1604 512 manutenendi,
1623 484 1660 505 ac

915 521 1035 555 eisdem
1062 522 1260 566 cappellanis
1284 528 1315 556 et
1340 524 1410 557 aliis
1439 525 1660 567 collegialibus

915 575 1087 619 praedictis
1106 581 1294 619 paramenta
1313 582 1344 610 et
1363 585 1551 611 ornamenta
1575 586 1659 612 cete-

914 639 1014 672 raque
1039 628 1148 661 omnia
1174 639 1232 672 pro
1264 630 1379 670 missis,
1412 636 1445 663 ut
1466 633 1656 674 praefertur,

915 691 972 725 per
1008 681 1095 724 ipsos
1132 681 1334 715 celebrandis
1364 685 1544 717 necessaria
1582 697 1658 729 sup-

914 733 1077 777 peditandi
1097 739 1115 774 ,⁹
1146 735 1261 768 litteris
1298 737 1415 769 nostris
1456 738 1627 780 praedictis
1649 766 1656 779 ‚

914 787 1104 830 praesertim
1141 787 1227 821 circa
1259 789 1444 822 facultatem
1479 796 1593 824 statuta
1628 796 1659 824 ct

913 840 1145 882 ordinationes,
1174 842 1300 875 felicem
1323 847 1354 875 ct
1373 843 1544 876 salutarem
1575 845 1659 877 dirc-

913 894 1074 935 ctionem,
1110 895 1412 937 conservationem,
1452 897 1595 940 regimen
1627 904 1658 931 et

912 947 1224 981 administrationem
1254 949 1468 992 collegiorum
1491 955 1522 982 et
1546 950 1657 994 hospi-

912 1000 983 1033 talis
1002 1001 1201 1039 huiusmodi,
1223 1001 1421 1046 illorumque
1446 1002 1606 1036 bonorum
1628 1010 1659 1037 et

912 1063 1022 1086 rerum
1043 1065 1080 1087 ac
1097 1054 1217 1087 iurium
1241 1055 1461 1099 spiritualium
1487 1062 1658 1101 ettempo-

917 1107 1060 1148 ralium,
1095 1118 1131 1140 ac
1169 1108 1340 1152 qualitates
1375 1114 1407 1142 et
1447 1110 1660 1153 obligationes

911 1160 1107 1193 scholarium
1126 1167 1155 1194 et
1171 1163 1438 1206 cappellanorum
1457 1163 1656 1205 huiusmodi,

911 1223 1038 1246 necnon
1069 1214 1201 1247 modum
1235 1220 1266 1248 et
1292 1215 1430 1249 formam
1454 1216 1657 1258 visitationis,

912 1267 1117 1311 receptionis,
1141 1267 1346 1301 admissionis
1369 1279 1425 1302 seu
1451 1269 1660 1313 depositionis

911 1320 1055 1361 illorum,
1075 1332 1112 1354 ac
1130 1327 1269 1365 tempus,
1291 1332 1349 1365 per
1366 1323 1454 1365 quod
1467 1323 1586 1357 ibidem
1606 1336 1659 1357 su-

911 1373 1042 1406 stentari
1066 1379 1097 1407 et
1120 1375 1322 1409 manuteneri
1346 1376 1496 1417 debeant,
1524 1387 1658 1411 concer-

910 1426 1045 1467 nentia,
1079 1427 1232 1467 faciendi,
1259 1429 1438 1470 condendi,
1471 1431 1656 1471 revocandi,

911 1480 1116 1520 immutandi,
1137 1481 1320 1524 corrigendi
1338 1487 1369 1515 et
1385 1483 1424 1516 de
1440 1493 1524 1516 novo
1544 1484 1659 1517 edendi

911 1534 1016 1566 eidem
1042 1534 1181 1567 Henrico
1202 1534 1282 1577 regi,
1307 1540 1384 1568 tunc
1407 1536 1560 1580 praesuli,
1579 1547 1658 1570 con-

911 1597 1046 1628 cessam,
1065 1587 1143 1620 alias
1156 1587 1189 1620 in
1207 1599 1266 1621 suo
1286 1588 1403 1622 robore
1423 1591 1656 1633 permansuris,

912 1646 1001 1673 motu
1019 1641 1152 1684 proprio
1170 1647 1199 1675 et
1217 1652 1255 1674 ex
1272 1648 1360 1675 certa
1393 1648 1501 1676 nostra
1527 1644 1659 1677 scientia

912 1705 948 1727 ac
985 1694 1024 1727 de
1067 1694 1213 1727 eiusdem
1259 1695 1457 1738 apostolicae
1494 1697 1660 1740 potestatis

912 1747 1124 1791 plenitudine,
1161 1753 1274 1782 tenore
1315 1750 1546 1792 praesentium,
1584 1761 1658 1794 per-

912 1807 1008 1845 petuo
1040 1801 1183 1842 unimus,
1216 1802 1430 1843 annectimus,
1469 1803 1658 1847 incorpora-

912 1865 985 1887 mus
1019 1860 1049 1887 et
1074 1854 1277 1898 applicamus
1308 1860 1340 1888 et
1373 1856 1634 1900 appropriamus.

956 1912 969 1951 5
991 1907 1022 1940 6.
1045 1907 1260 1941 Decernentes
1271 1909 1401 1941 easdem
1414 1909 1660 1952 praesenteslit-

912 1967 997 1993 teras
1023 1961 1114 1994 nullo
1141 1972 1286 2005 unquam
1315 1967 1461 2005 tempore
1486 1962 1524 1994 de
1545 1962 1659 1995 subre-

913 2013 1032 2057 ptionis
1055 2014 1103 2046 vel
1131 2014 1332 2058 obreptionis
1360 2014 1449 2054 vitio,
1477 2020 1532 2047 aut
1556 2015 1660 2048 inten-

912 2067 1008 2100 tionis
1027 2072 1156 2100 nostrae
1176 2068 1225 2100 vel
1245 2067 1308 2100 alio
1342 2067 1497 2111 quopiam
1532 2068 1659 2101 defectu

913 2120 1030 2160 notari,
1052 2121 1101 2152 vel
1127 2120 1222 2153 etiam
1251 2131 1287 2153 ex
1317 2130 1355 2153 eo
1386 2121 1473 2163 quod
1504 2120 1660 2153 interesse

913 2173 1067 2206 habentes
1084 2174 1186 2206 vocati
1208 2184 1271 2206 non
1291 2174 1564 2214 fuerint,autali0
1577 2184 1660 2217 quo-

913 2226 958 2258 vis
978 2233 1145 2269 praetextu
1166 2226 1338 2267 annullari,
1359 2226 1659 2260 invalidarivelim-

914 2279 1065 2321 pugnari,
1088 2285 1143 2312 aut
1161 2290 1220 2322 per
1239 2280 1385 2312 locorum
1398 2279 1578 2312 ordinarios
1588 2291 1661 2313 exa-

915 2332 1032 2364 minari
1052 2343 1107 2365 seu
1128 2332 1277 2372 revideri‚
1299 2337 1354 2365 aut
1373 2343 1499 2373 causas,
1528 2339 1662 2376 propter

914 2396 994 2427 quas
1014 2385 1068 2417 illa
1088 2385 1321 2425 emanaverint,
1342 2385 1514 2426 verificari,
1535 2392 1591 2418 aut
1621 2388 1659 2419 ad

915 2439 1072 2471 terminos
1092 2438 1172 2471 iuris
1191 2439 1314 2479 reduci,
1336 2449 1392 2471 seu
1418 2439 1449 2471 in
1474 2445 1660 2472 controver—

915 2487 994 2519 siam
1024 2487 1165 2520 revocari
1197 2497 1291 2529 posse
1319 2493 1375 2519 aut
1403 2487 1531 2527 debere,
1555 2498 1661 2532 neque

915 2535 974 2567 sub
1003 2535 1169 2578 quibusvis
1194 2535 1347 2568 similium
1378 2536 1425 2568 vel
1455 2535 1659 2569 dissimilium

915 2583 1088 2625 gratiarum
1111 2584 1380 2624 revocationibus,
1395 2585 1661 2629 suspensionibus

916 2637 968 2664 aut
989 2632 1060 2665 aliis
1080 2632 1247 2665 contrariis
1275 2632 1541 2676 dispositionibus
1571 2644 1661 2667 com-

1814 237 1849 246 *>-l

1696 1902 1823 1921 flammi-12
