2059 3228
156 276 204 301 An.
225 275 251 301 C.
285 275 348 301 1:578

171 357 285 383 paragano
297 364 350 379 eon-

156 386 284 405 truisi-um.

212 1826 279 1846 fiaes
292 1827 340 1845 tran

159 1857 304 1878 sumptorum.

407 270 469 303 :250

363 335 457 367 tionis
483 333 631 366 Bonisacii
658 334 758 376 Papae
777 332 846 373 VIII,
856 333 1106 376 praedecessoris
1140 330 1375 373 dispensatione
1399 329 1501 370 nobis,
1525 330 1594 363 licet
1620 326 1960 371 immerentibusmm

1135 383 1289 426 delegata,
1308 382 1525 415 indesinenter
1542 382 1674 425 requirit
1693 388 1727 414 ut
1743 381 1783 413 ad
1799 377 1962 413 chri-‘³⁰¹¹‘
1995 377 2000 407 ἓ
2020 390 2023 395 ·
2039 382 2043 395 ⁴¹

365 388 488 426 nostri,
515 398 569 429 per
609 397 703 429 quam
728 392 855 419 cavetur
885 396 1028 429 expresse
1066 395 1105 417 ne

364 442 554 484 professores
579 439 733 472 (Ji-diuum
772 438 1015 471 Mendicantium
1041 438 1105 469 loca

364 495 400 525 ad
428 492 680 531 inhabitandum,
705 491 823 534 absque
847 491 947 524 dictae
972 488 1106 522 Sedisli-

362 545 463 577 rentia
478 544 617 587 speciali,
635 544 672 576 de
689 543 905 586 prohibitione
924 539 1104 574 huiusmodi

362 608 538 640 expressam
559 596 751 630 mentionem
769 597 893 635 sacient,
912 596 917 611 ¹
941 606 975 627 ac
993 594 1029 626 de
1044 602 1106 625 una

362 657 392 682 et
415 650 538 683 concilii
565 650 720 692 generalis
744 650 781 682 de
820 648 944 681 duabus
969 645 1082 678 diaetis
1098 672 1106 685 ,

361 703 533 736 dummodo
558 703 629 746 quis
647 703 753 746 vigore
767 701 982 746 praesentium
1002 700 1040 732 ad
1061 699 1106 731 iu-

361 756 479 789 dicium
509 757 591 789 ultra
616 761 678 789 tres
709 756 828 788 diaetas
860 765 922 787 non
951 753 1106 792 trahatur,

360 809 492 851 aliisque
509 808 790 841 constitutionibus
806 814 836 840 et
852 804 1107 840 ordinationibus

359 861 560 904 apostolicif;
584 872 620 893 ac
643 861 770 894 Ordinis
793 858 997 897 huiusmodi,
1022 858 1106 890 iura—

363 920 477 952 mento,
503 913 746 946 confirmatione
770 913 941 956 apostolica
965 912 1013 944 vel
1029 921 1105 954 qua-

359 979 404 1000 vis
434 967 582 1000 firmitate
612 967 672 999 alia
711 966 892 1005 roboratis,
928 964 1052 997 statutis
1075 968 1103 995 et

358 1020 658 1059 consuetudinibus;
683 1019 856 1062 privilegiis
881 1028 1006 1061 quoque
1024 1044 1031 1057 ‚
1056 1016 1106 1049 in-

358 1074 452 1106 dultis
475 1078 506 1106 et
530 1073 642 1105 litteris
666 1072 846 1116 apostolicis
863 1072 895 1104 in
907 1070 1103 1104 contrarium

357 1125 593 1169 quomodolibet
615 1125 782 1165 concessis,
807 1124 992 1168 approbatis
1009 1129 1036 1156 et
1057 1123 1103 1156 in-

357 1179 488 1218 novatis;
514 1179 629 1222 quibus
652 1178 811 1218 omnibus,
843 1187 955 1210 eorum
979 1182 1103 1209 tenores

356 1231 574 1275 praesentibus
598 1242 655 1274 pro
679 1230 833 1274 expressis
857 1230 1018 1269 habentes,
1044 1229 1103 1261 illis

356 1286 432 1318 alias
457 1285 488 1317 in
506 1295 562 1318 suo
579 1285 693 1317 robore
711 1284 938 1328 permansuris,
957 1283 1014 1315 hac
1037 1283 1102 1315 vice

357 1339 529 1379 dumtaxat,
553 1338 732 1381 specialiter
755 1342 783 1369 et
809 1347 954 1379 expresse
971 1336 1103 1377 deroga—

356 1402 436 1431 mus,
449 1390 624 1433 ceterisque
641 1390 811 1423 contrariis
837 1390 1102 1432 quibuscumque;

356 1449 410 1476 aut
435 1443 459 1476 si
477 1443 645 1486 aliquibus,
663 1443 876 1475 communiter
892 1443 948 1479 vel,
966 1442 1101 1488 divisim,

355 1496 396 1527 ab
419 1496 597 1538 Apostolica
621 1496 659 1528 sit
685 1496 764 1529 Sede
782 1496 940 1528 indultum
957 1496 1041 1539 quod
1054 1495 1103 1526 in-

356 1549 479 1589 terdici‚
504 1548 653 1592 suspendi
678 1554 731 1581 aut
751 1548 1019 1581 excommunicari
1037 1558 1100 1581 non

356 1602 474 1645 possint
500 1612 556 1645 per
572 1602 692 1634 litteras
705 1602 892 1645 apostolicas
904 1613 968 1635 non
985 1602 1101 1635 sacien-

357 1661 401 1688 tes
424 1656 550 1698 plenam
574 1660 603 1687 et
628 1666 808 1698 expressam
833 1666 869 1688 ac
892 1656 930 1688 de
948 1656 1043 1689 verbo
1060 1656 1099 1688 ad

355 1708 487 1741 verbum
504 1708 542 1740 de
559 1707 681 1741 indulto
699 1708 880 1741 huiusmodi
896 1709 1099 1741 mentionem.

400 1762 415 1804 ᾗ
431 1761 483 1794 10.
501 1761 655 1801 Ceterum,
673 1761 747 1804 quia
772 1761 897 1794 difficile
914 1761 991 1795 foret
1009 1773 1099 1806 prae-

357 1819 460 1847 sentes
472 1813 592 1846 litteras
605 1813 643 1845 ad
660 1813 783 1856 singula
796 1824 939 1857 quaeque
956 1816 1032 1856 loca,
1045 1816 1099 1848 ubi

360 1877 486 1900 necesse
509 1867 614 1907 suerit,
640 1867 770 1908 deferre,
797 1869 940 1902 volumus
962 1874 995 1902 et
1018 1870 1100 1902 dicta

358 1919 546 1953 auctoritate
570 1920 769 1954 decernimus
794 1922 877 1964 quod
902 1927 1101 1966 transumpto

358 1973 573 2017 praesentium
597 1973 794 2014 litterarum,
819 1975 914 2007 etiam
939 1976 1101 2019 impresso,

358 2028 461 2070 sigillo
472 2027 603 2059 alicuius
616 2027 648 2059 in
662 2027 815 2070 dignitate
828 2029 1036 2062 ecclesiastica
1049 2034 1102 2062 etc.

402 2081 513 2113 Datum
539 2081 655 2113 Romae
693 2081 777 2124 apud
809 2081 837 2114 S.
867 2082 1019 2121 Petrum,
1045 2083 1102 2115 sub

359 2134 476 2166 annulo
522 2133 691 2166 Piscatoris
707 2161 715 2174 ,
761 2134 792 2166 di
839 2145 884 2168 xn
923 2135 1102 2169 novembris

360 2197 540 2226 MDLxxvm,
565 2186 767 2230 pontificatus
792 2187 890 2219 nostri
916 2198 1000 2220 anno
1024 2198 1078 2221 vn.

394 2240 458 2266 Dat.
477 2240 521 2266 die
542 2242 574 2266 12
593 2249 655 2266 nov.
675 2242 751 2274 1578,
770 2241 871 2275 pontif.
890 2250 961 2268 anne
984 2251 1032 2268 vu.

698 2328 768 2361 XCI.

363 2395 484 2427 Ειρσὶιό
508 2398 627 2439 colleqii
649 2398 832 2441 Hunqarici
854 2400 889 2433 in
912 2403 1101 2435 monasterio

400 2450 430 2480 S.
455 2450 604 2492 Slrphuni
628 2452 660 2483 in
688 2457 789 2484 monle
816 2453 916 2486 Coelio
931 2455 969 2487 de
985 2455 1062 2488 L'rbe
1079 2458 1100 2490 ².

369 2519 504 2555 Gregorius
525 2524 595 2558 Papa
609 2524 666 2557 xnt,
683 2526 713 2552 ad
735 2527 848 2554 futuram
869 2528 907 2556 rei
929 2530 1087 2558 memoriam.

402 2588 569 2628 Apostolici
596 2591 738 2624 muneris
763 2592 943 2626 sollicitudo
960 2620 967 2634 ,
993 2594 1100 2628 divina

394 2643 403 2666 l
428 2641 511 2683 lsai-tc-
531 2644 711 2683 supplendum
725 2645 1005 2679 haberem-aesumant
1024 2649 1052 2682 (n
1063 2649 1100 2682 τ-)

392 2678 407 2702 2
426 2677 467 2702 Lx
488 2677 596 2711 liegest.
617 2688 645 2705 in
664 2679 766 2707 Secret.
788 2681 925 2709 Brevium.

943 277 1126 302 BULLARIL'M
1151 274 1305 299 ROMANUM

1135 437 1256 470 stianae
1281 436 1474 480 reipublicae
1499 436 1627 468 vulnera
1652 433 1883 480 respicientes,

1135 499 1216 531 quae
1240 495 1312 532 apta
1338 489 1399 522 illis
1424 489 1564 521 remedia
1581 489 1647 521 fore
1666 487 1871 530 intelligimus

1136 542 1373 585 quamprimum
1414 541 1642 581 adhibeamus,
1668 549 1885 582 conemurque

1137 598 1170 625 ut
1193 594 1247 627 ubi
1271 594 1395 637 antiqui
1420 593 1552 626 humani
1571 593 1697 636 generis
1721 592 1821 625 hostis
1845 591 1886 624 ad

1135 646 1382 680 destructionem
1422 645 1542 678 malitia
1578 646 1815 689 supereminet,
1839 643 1884 677 ibi

1136 705 1244 733 nostra
1268 701 1307 733 ad
1331 699 1564 742 reparationem
1589 699 1746 732 industria
1774 699 1883 732 sedulo

1135 759 1293 796 operetur.
1312 752 1376 786 Hoc
1400 763 1475 786 sane
1499 752 1631 785 consilio
1644 757 1675 785 et
1699 752 1807 786 animo
1823 763 1883 787 nos

1136 806 1327 850 iampridem
1351 805 1586 846 Germanicum,
1611 805 1765 839 Graecum
1785 833 1793 848 ,
1817 807 1881 840 An-

1135 859 1252 901 glicum
1275 864 1306 892 et
1329 859 1390 892 alia
1406 859 1596 892 'huiusmodi
1633 860 1763 902 collegia
1779 887 1788 901 ,
1814 865 1878 894 tam

1134 912 1167 945 in
1190 913 1272 946 alma
1296 906 1379 945 Urbe
1400 922 1496 955 quam
1519 917 1606 944 extra
1623 922 1703 952 eam,
1721 912 1829 945 multis
1845 912 1880 945 in

1135 965 1210 998 locis
1233 966 1391 998 ereximus
1408 992 1416 1006 ,
1452 965 1582 998 alendae
1606 965 1761 1008 bonisque
1783 966 1881 999 mori-

1135 1020 1192 1053 bus
1205 1019 1365 1053 ornandae
1378 1029 1414 1052 ac
1426 1029 1499 1052 vera
1512 1019 1639 1062 pietate,
1647 1029 1721 1051 sana
1734 1019 1880 1058 doctrina

1134 1071 1326 1115 reliquisque
1350 1072 1525 1105 christiano
1549 1071 1678 1105 nomine
1702 1071 1791 1115 digni
1814 1072 1880 1105 vir-

1135 1124 1254 1157 tutibus
1278 1125 1471 1157 imbuendae
1494 1135 1604 1158 earum
1636 1125 1803 1159 nationum
1829 1125 1880 1159 iu-

1132 1179 1270 1211 ventutis
1286 1188 1392 1219 causa,
1408 1188 1486 1221 quos
1499 1178 1557 1210 sibi
1575 1183 1605 1211 et
1622 1178 1687 1211 suis
1703 1178 1877 1222 aliquando

1131 1237 1239 1274 optato
1262 1231 1333 1264 usui
1357 1237 1388 1264 et
1404 1231 1586 1263 adiumento
1603 1241 1670 1264 esse
1679 1235 1816 1274 possent,
1836 1231 1877 1264 ad

1132 1285 1346 1328 depellendam
1370 1294 1404 1316 ex
1428 1294 1539 1316 eorum
1553 1283 1712 1316 mentibus
1728 1293 1874 1317 errorum

1132 1338 1312 1380 caliginem,
1335 1342 1364 1370 et
1382 1336 1524 1369 veritatis
1540 1336 1641 1368 lucem
1658 1335 1874 1379 aperiendam:

1132 1392 1216 1435 quod
1239 1401 1309 1425 cum
1333 1391 1397 1423 iam
1421 1389 1513 1422 nobis
1535 1389 1576 1421 ad
1599 1395 1715 1430 votum,
1739 1400 1876 1433 superna

1131 1446 1306 1489 opitulante
1330 1443 1432 1487 gratia
1449 1471 1456 1483 ‚
1497 1442 1664 1475 succedere
1687 1442 1871 1484 videamus,

1133 1502 1262 1541 propter
1285 1507 1418 1540 magnos
1441 1501 1472 1529 et
1495 1495 1684 1538 multiplices
1707 1495 1830 1529 labores
1842 1501 1874 1529 et

1131 1551 1262 1589 fruetus,
1286 1549 1340 1593 qui
1365 1549 1399 1581 in
1422 1550 1515 1581 vinea
1538 1548 1661 1581 Domini
1687 1549 1817 1582 colenda
1841 1555 1874 1583 et

1130 1604 1278 1647 vepribus
1300 1602 1525 1646 perpurganda
1549 1613 1585 1635 ex
1608 1602 1658 1634 his
1682 1603 1819 1636 alumnis
1843 1608 1875 1636 et.

1129 1657 1284 1700 operariis
1307 1656 1424 1689 nostris
1455 1655 1579 1687 assidue
1617 1659 1784 1696 constant,
1809 1665 1873 1689 non

1129 1720 1296 1754 possumus
1320 1717 1384 1741 non
1402 1717 1594 1750 magnopere
1607 1707 1728 1748 laetari,
1741 1713 1772 1740 et
1786 1713 1874 1742 tanto

1131 1765 1253 1798 lirmius
1284 1764 1415 1809 posthac
1437 1761 1492 1795 tali
1532 1761 1664 1793 haerere
1702 1760 1872 1803 instituto,

1131 1825 1249 1864 quanto
1273 1819 1478 1863 intelligimus
1503 1817 1578 1850 illud
1595 1817 1628 1849 in
1645 1826 1741 1860 opere
1763 1815 1873 1849 utilius

1131 1885 1293 1918 apparere.

1175 1930 1190 1972 ἓ
1212 1929 1241 1961 t.
1267 1929 1421 1967 Ceterum,
1439 1927 1522 1959 inter
1537 1925 1640 1957 varias
1656 1923 1770 1957 horum
1794 1927 1874 1955 tem·
1916 1929 1921 1942 ³
2006 1938 2010 1941 -

1132 1992 1246 2024 porum
1258 1981 1462 2020 calamitates,
1475 1989 1547 2011 cum
1564 1977 1662 2010 menti
1675 1982 1801 2010 nostrae
1817 1977 1875 2010 ob-

1132 2038 1310 2067 versaretur
1334 2031 1522 2065 nobilissimi
1538 2036 1633 2074 atque
1657 2029 1816 2073 quondam
1839 2040 1875 2063 0-

1132 2087 1343 2131 pulentissimi
1369 2085 1548 2128 llnngariae
1573 2086 1663 2126 regni
1680 2083 1875 2127 deploranda

1131 2141 1280 2182 conditio,
1293 2140 1376 2183 quod
1395 2139 1510 2182 partim
1520 2138 1548 2170 vi
1565 2143 1595 2170 et.
1608 2135 1686 2170 dolis
1699 2137 1874 2169 Tui-carum

1132 2195 1244 2227 misere
1268 2194 1445 2233 subactum,
1469 2191 1585 2235 partim
1599 2189 1783 2223 haeresibus
1805 2189 1874 2233 pol-

1131 2248 1231 2280 lutum
1249 2257 1285 2279 ac
1302 2246 1512 2279 deformatum
1530 2244 1698 2288 reperitur,
1714 2243 1782 2288 pari
1799 2254 1873 2276 cum

1131 2300 1271 2344 pernicie
1295 2300 1476 2332 animarum
1499 2304 1528 2331 et
1554 2307 1734 2340 corporum,
1750 2296 1779 2329 ei
1803 2306 1871 2337 nos,

1130 2364 1186 2397 pro
1203 2354 1308 2387 debita
1320 2353 1469 2386 omnibus
1492 2351 1639 2394 gentibus
1661 2348 1872 2382 sollicitudine

1131 2412 1247 2446 nost1·a;
1273 2418 1308 2439 ac
1332 2405 1502 2450 praecipua
1525 2415 1600 2447 erga
1620 2409 1682 2435 tam
1700 2401 1823 2445 insigne
1839 2407 1875 2434 et

1129 2462 1269 2504 amplum
1294 2459 1457 2493 christiani
1487 2457 1572 2490 orbis
1596 2455 1773 2489 membrum
1796 2453 1872 2486 cha-

1131 2516 1235 2555 ritate,
1259 2513 1437 2553 subvenire,
1461 2517 1616 2555 quantum
1640 2510 1674 2542 in
1695 2508 1788 2541 nobis
1813 2514 1872 2550 est,

1129 2567 1215 2600 omni
1233 2567 1336 2599 studio
1350 2566 1522 2609 cupientes,
1536 2564 1692 2608 peculiare
1705 2561 1871 2604 collegium

1130 2631 1187 2663 pro
1212 2620 1340 2653 natione
1358 2619 1537 2661 Hungarica
1555 2617 1605 2650 hic
1617 2617 1763 2650 duximus
1778 2615 1871 2649 insti-

1130 2674 1282 2708 tuendum
1299 2701 1308 2712 ,
1353 2673 1566 2706 existimantes
1590 2671 1647 2704 liae
1671 2670 1869 2714 potissimum
