2059 3228
153 264 202 290 An.
212 263 241 290 C.
255 262 321 290 ¹578

166 711 298 731 Exordium.

155 1444 320 1465 Constituit-mn

141 1477 216 1492 causa.

168 1620 219 1639 Pius
233 1619 262 1639 tv
276 1625 315 1639 ex-

143 1647 278 1671 emptionem
292 1646 333 1666 Pr.

141 1672 204 1693 Pauli
218 1673 248 1693 ΠΙ
258 1673 334 1698 ampli-

142 1700 190 1720 avit
202 1699 223 1720 3.

403 258 415 290 1
425 257 465 290 08

668 316 806 350 Lxxvtl.

360 391 528 435 Eoeemptio
555 391 733 435 Relr'ye'onis
761 392 947 425 clericorum
978 390 1105 434 reyula-

407 444 673 477 riumSocietatis
681 443 754 477 Iesu
769 455 789 478 α
800 445 956 478 solutione
975 449 1004 478 et
1011 455 1104 488 prae-

401 498 538 530 statione
558 498 757 531 decimarum
768 502 798 531 et
812 498 952 531 aliorum
972 508 1105 531 onerum

398 560 668 594 quorumcumque
681 551 707 584 ¹.

354 620 499 656 Gregorius
518 622 588 657 Papa
605 621 673 655 xm,
690 623 724 651 ad
738 621 863 651 futuram
877 623 918 651 rei
934 622 1103 650 memoriam.

397 682 568 716 pastoralis
587 683 684 716 officii
704 694 782 716 cura
801 684 906 724 nobis,
928 684 1050 717 meritis
1066 685 1103 717 li-

354 740 404 768 cet
423 735 612 780 imparibus,
632 747 669 770 ex
689 737 753 770 alto
774 738 945 770 commissa
968 748 1027 771 nos
1046 738 1102 771 ad-

353 794 464 822 monet
494 794 530 822 ut
558 795 687 823 nostrae
719 790 912 834 provisionis
943 791 1102 824 efficiatur

355 842 534 875 ministerio
555 843 642 885 quod
663 854 709 882 ea,
731 854 813 886 quac
841 843 999 886 religiosis
1027 845 1100 887 qui-

353 895 503 935 buslibet,
523 897 711 939 praesertim
733 897 790 929 suh
815 897 1020 930 sacratissimi
1044 908 1102 931 no-

353 949 448 982 minis
481 950 569 989 Iesu,
601 950 697 982 totius
723 950 856 982 humani
885 950 1010 993 generis
1041 951 1101 984 Re-

353 1002 547 1044 demptoris,
574 1003 709 1043 vexillo,
749 1004 789 1036 ad
824 1003 910 1036 illius
943 1004 1099 1037 honorem

353 1061 384 1088 et
399 1056 534 1099 gloriam
553 1081 560 1096 ‚
583 1056 870 1100 proximorumque
899 1057 1099 1100 spiritualem

352 1109 544 1152 profectum,
552 1120 588 1142 ac
600 1110 785 1143 orthodoxae
795 1110 870 1143 fidei
879 1110 1099 1145 defensionem

352 1169 384 1196 et
403 1163 666 1206 propagationem
694 1162 726 1196 in
750 1162 844 1196 terris
872 1163 1098 1205 militantibus,

352 1216 391 1249 ab
411 1216 593 1260 Apostolica
613 1216 694 1249 Sede
717 1216 849 1260 provide
874 1227 1027 1250 concessa
1048 1229 1100 1251 re-

352 1269 533 1312 periuntur,
565 1269 700 1302 sublatis
732 1270 930 1313 quibuslibet
962 1271 1100 1314 impedi-

353 1323 482 1363 mentis,
505 1334 592 1362 suos,
615 1328 649 1356 ut
668 1334 727 1367 par
746 1329 803 1364 est,
825 1324 950 1357 debitos
969 1325 1101 1358 effectus

352 1377 518 1420 perpetuis
537 1376 663 1415 suturis,
682 1377 881 1421 temporibus
909 1377 1097 1411 sortiantur.

396 1430 411 1472 ξ
435 1430 465 1462 i.
488 1429 610 1473 Exponi
638 1430 799 1472 siquidem
818 1430 913 1463 nobis
931 1440 1036 1475 nuper
1054 1431 1100 1464 se-

353 1482 396 1515 cit
415 1483 551 1516 dilectus
570 1482 655 1516 silius
675 1483 1098 1524 EverardusMercur1anus,

352 1539 409 1568 etc.
432 1534 458 1567 2.

397 1589 411 1632 ἓ
436 1589 466 1621 ΕΙ.
494 1588 529 1621 Et
550 1588 728 1622 successive
743 1588 815 1632 piae
834 1589 1010 1622 memoriae
1025 1589 1102 1623 Pius

353 1643 437 1686 Papa
458 1648 604 1685 quattus,
627 1643 721 1675 etiam
734 1643 963 1686 praedecessor
978 1649 1099 1684 noster,

353 1695 589 1739 exemptionem
614 1706 661 1736 ac,
698 1706 772 1728 cum
799 1695 950 1729 omnibus
979 1702 1010 1729 et
1033 1696 1100 1729 sin-

352 1748 436 1792 gulis
448 1748 481 1781 in
497 1749 543 1781 eis
563 1748 720 1781 contentis
738 1748 1035 1783 clausulis.litteras
1050 1749 1100 1793 ip-

353 1801 419 1835 sius
437 1801 528 1834 Pauli
547 1801 805 1845 praedecessoris
829 1802 968 1845 desuper
991 1803 1101 1836 conse-

353 1861 431 1896 ctas,
447 1865 576 1888 necnon
586 1854 661 1888 inde
671 1860 780 1887 secuta
792 1865 1030 1898 quaecumque,
1044 1866 1102 1899 per

353 1919 426 1941 suas
444 1908 567 1941 litteras
595 1918 632 1940 ex
656 1913 743 1940 certa
761 1907 894 1940 scientia
928 1908 1101 1940 confirma-

352 1961 445 2002 verit,
467 1960 694 2004 approbaverit
718 1967 748 1993 et
768 1960 865 1993 etiam
886 1961 1030 2003 plenarie
1050 1961 1101 1993 in-

353 2014 535 2054 novaverit3
567 2025 616 2054 ac,
638 2024 696 2057 pro
725 2013 842 2056 potiori
870 2014 1008 2052 cautela,
1030 2013 1103 2046 uni-

353 2077 477 2100 versam
490 2066 682 2100 Societatem
692 2066 901 2110 praedictam,
928 2066 1102 2110 omniaque

355 2126 386 2153 et
404 2120 530 2162 singula
549 2119 619 2153 eius
638 2119 762 2159 domos,
777 2119 873 2152 etiam
889 2119 1100 2162 probationis,

355 2179 385 2206 et
402 2173 549 2213 collegia,
567 2172 705 2206 ubilibet
717 2171 937 2212 consistentia,
955 2183 1103 2213 praesen-

355 2227 398 2259 tia
417 2232 447 2259 et
462 2227 581 2266 futura,
593 2235 772 2268 eorumque
786 2234 950 2268 personas,
964 2225 1099 2266 fructus,

391 2291 401 2315 1
426 2289 508 2316 Istam
523 2288 731 2322 exemptionem
747 2287 802 2314 iam
825 2290 1005 2314 concesserat
1024 2287 1102 2314 Pau-

356 2332 401 2359 lus
416 2333 452 2360 Ill
468 2333 495 2360 in
507 2332 707 2360 constitutione
722 2337 786 2366 va,
802 2331 882 2364 Licet,
898 2335 1018 2365 tumst,
1039 2338 1100 2366 pag.

357 2377 417 2409 394,
431 2381 457 2403 et
468 2377 551 2404 etiam
567 2375 634 2404 Pius
648 2376 680 2403 lv
696 2376 741 2403 hic
755 2375 873 2403 relatus.
890 2374 946 2402 Sed
959 2375 1012 2402 iste
1032 2375 1104 2402 Pon-

357 2421 424 2447 tifex
443 2428 504 2447 eam
516 2421 639 2448 declarat
659 2424 687 2448 et
700 2420 826 2455 ampliat.
844 2419 942 2448 Cetera
957 2423 1053 2446 autem
1068 2419 1103 2446 de

359 2464 410 2491 hac
429 2464 564 2491 Societate
582 2468 674 2492 notata
697 2468 763 2492 sunt
779 2464 807 2492 in
824 2463 953 2491 eiusdem
969 2462 1049 2490 Pauli
1065 2463 1103 2490 111

359 2508 556 2535 constitutione
567 2515 668 2542 xxxut,
680 2508 818 2542 Reqimini,
834 2507 952 2542 ibidem,
964 2514 1027 2542 pag.
1040 2507 1100 2536 303.

359 2552 375 2578 2
395 2551 537 2579 Omittitur
555 2553 624 2580 haec
635 2553 784 2586 narrative,
797 2552 863 2587 quia
881 2552 940 2587 ipsa
957 2551 1032 2579 bulla
1062 2554 1105 2579 est

360 2596 388 2622 in
405 2596 466 2622 loro
488 2596 570 2622 citato
590 2597 617 2623 in
632 2601 696 2624 nota
712 2597 746 2624 ad
761 2597 913 2624 rubricam.
934 2595 1028 2624 3Eius
1040 2595 1104 2624 bul-

358 2641 415 2667 lam
432 2647 486 2667 non
507 2641 598 2674 posui,
614 2641 652 2668 uti
668 2640 712 2668 hic
723 2641 895 2670 sufficienter
908 2640 1032 2669 relatam.

949 261 1127 288 autumnum
1150 260 1299 287 nonium!

1148 314 1304 353 redditus,
1327 318 1512 357 proventus,
1537 313 1632 348 etlam
1652 313 1812 349 bonorum
1836 323 1888 349 ec·
1908 327 1912 330 ·
1960 356 1969 363 ,
2014 327 2015 337 ¹

1148 366 1413 408 clesiasticorum‚
1426 367 1639 401 saecularium
1650 372 1680 401 et
1691 367 1887 411 regularium

1146 429 1441 463 quorumcumque,
1464 420 1526 453 illis
1545 431 1604 464 pro
1627 426 1773 464 tempore
1783 420 1888 454 unito·
1908 434 1927 457 ἢ
1960 415 1962 417 ’

1145 482 1231 512 rum,
1254 472 1395 514 aliasque
1411 483 1462 505 res
1480 478 1512 506 et
1531 472 1616 506 bona
1635 481 1886 517 quaecumque?¹

1145 525 1309 569 quibusvis
1328 524 1472 564 decimis,
1495 525 1590 559 etiam
1601 525 1784 570 papalibus,
1796 535 1888 570 prae-

1145 578 1294 617 dialibus,
1317 579 1550 621 personalibus,
1572 579 1708 622 quartis,
1734 578 1888 613 medieta-

1144 631 1229 664 tibus
1249 637 1279 664 et
1298 630 1367 664 aliis
1382 631 1545 664 fructuum
1553 631 1708 675 partibus,
1723 631 1885 673 subsidiis,

1143 683 1238 717 etiam
1259 683 1443 724 caritativiS,
1456 689 1488 717 et
1505 684 1575 717 aliis
1591 685 1762 718 ordinariis
1781 685 1887 719 oneri-

1142 738 1213 777 hus,
1236 737 1332 770 etiam
1352 747 1411 781 pro
1428 737 1630 780 expeditione
1646 744 1759 772 contra
1774 737 1888 771 infide·

1142 790 1198 830 les,
1223 790 1407 823 defensione
1427 790 1560 834 patriae,
1586 801 1624 823 ac
1642 790 1721 824 alias
1749 801 1886 835 quomo-

1142 843 1271 883 dolibet,
1301 843 1398 876 etiam
1422 844 1461 876 ad
1487 844 1731 887 imperatorum,
1757 844 1887 888 regum,

1142 896 1260 929 ducum
1282 902 1312 930 et
1328 897 1465 930 aliorum
1478 896 1663 941 principum
1686 897 1885 934 instantiam.

1141 960 1200 993 pro
1215 955 1359 994 tempore
1370 950 1539 994 impositis,
1555 950 1649 983 etiam
1666 950 1692 983 si
1711 950 1744 983 in
1754 950 1884 984 illorum

1141 1002 1348 1046 impositione
1367 1008 1534 1036 caveretur
1543 1004 1630 1047 quod
1644 1003 1733 1036 nulla
1754 1013 1887 1048 prorsus

1142 1056 1302 1099 exemptio
1332 1056 1482 1100 cuiquam
1516 1057 1666 1090 adversus
1696 1056 1752 1090 illa
1774 1057 1886 1090 suffra-

1141 1114 1282 1151 garetur:
1304 1108 1348 1142 ita
1373 1110 1460 1153 quod
1490 1109 1631 1142 Societas
1664 1110 1800 1154 eiusque
1827 1111 1888 1144 do-

1142 1172 1224 1202 mus,
1248 1162 1343 1195 etiam
1364 1162 1572 1205 probationis,
1588 1161 1736 1205 collegia,
1748 1163 1886 1204 fructus,

1142 1226 1192 1248 res
1217 1220 1249 1248 et
1266 1215 1351 1248 hona
1370 1215 1513 1259 praefata
1531 1226 1659 1260 semper
1677 1217 1716 1249 ab
1738 1216 1801 1250 illis
1813 1217 1888 1250 abs-

1142 1279 1204 1312 que
1235 1268 1451 1302 declaratione
1477 1269 1617 1313 desuper
1646 1269 1804 1311 sacienda,
1835 1281 1889 1304 ex-

1142 1326 1233 1364 cepta
1252 1326 1357 1354 essent
1380 1327 1412 1354 et
1430 1331 1499 1355 esse
1522 1327 1747 1364 censerentur,
1769 1333 1888 1368 perpe·—

1142 1380 1197 1407 tuo
1217 1374 1403 1407 liberaverit
1422 1379 1453 1407 et
1471 1374 1636 1415 exemerit,
1649 1380 1747 1419 prout
1770 1375 1804 1408 in
1822 1375 1889 1409 sin-

1141 1427 1226 1471 gulis
1252 1427 1366 1460 litteris
1396 1427 1681 1471 praedecessorum
1700 1428 1888 1463 huiusmodi

1143 1481 1270 1524 plenius
1289 1480 1485 1514 continetur.

1187 1534 1202 1577 ᾗ
1225 1533 1258 1566 3.
1279 1533 1508 1574 Nihilominus,
1525 1534 1602 1578 quia
1622 1534 1654 1567 in
1666 1534 1728 1567 illis
1743 1535 1833 1568 nulla
1847 1535 1887 1569 de

1143 1586 1371 1620 constitutione
1391 1587 1581 1620 recolendae
1601 1587 1776 1620 memoriae
1791 1588 1887 1621 lnno-

1143 1639 1240 1673 centii
1272 1640 1376 1683 Papae
1407 1639 1503 1680 tertii,
1530 1639 1679 1678 similiter
1701 1641 1888 1684 praedeces-

1143 1693 1224 1727 soris
1251 1693 1364 1734 nostri,
1395 1693 1427 1726 in
1457 1693 1595 1727 concilio
1624 1693 1767 1735 generali
1790 1705 1888 1739 super

1143 1746 1276 1779 decimis
1311 1746 1406 1787 edita,
1438 1757 1521 1790 quae
1554 1746 1668 1791 incipit
1690 1747 1810 1790 Nuper,
1831 1757 1886 1782 ex-

1142 1810 1252 1844 pressa
1272 1806 1303 1832 et
1321 1799 1472 1843 specifica
1496 1800 1617 1832 mentio
1643 1800 1737 1841 sacta,
1764 1811 1824 1835 nec
1859 1801 1888 1835 ei

1143 1852 1328 1896 specialiter
1358 1858 1388 1885 et
1419 1862 1566 1896 expresse
1596 1852 1784 1895 derogatum
1814 1853 1888 1895 fuit,

1143 1906 1230 1939 idem
1249 1905 1453 1949 praepositus
1472 1905 1597 1938 dubitat
1615 1905 1757 1948 singulas
1767 1905 1890 1940 litteras

1143 1959 1322 2003 praedictas
1341 1959 1379 1992 de
1405 1958 1622 2001 subreptionis
1645 1969 1701 1991 seu
1733 1959 1890 1993 nullitatis

1144 2011 1220 2044 vitio
1243 2011 1359 2049 notari.
1380 2023 1417 2045 ac
1440 2011 1590 2045 Societati
1610 2011 1764 2054 illiusque
1784 2012 1891 2045 domi-

1142 2065 1214 2105 buS,
1243 2065 1386 2107 collegiis
1422 2070 1453 2098 et
1484 2064 1631 2108 personis
1660 2065 1767 2098 minus
1796 2065 1891 2099 utiles

1144 2117 1248 2157 reddi,
1269 2123 1325 2150 aut
1344 2117 1398 2150 illa
1427 2127 1524 2160 super
1552 2117 1753 2162 exemptione
1776 2117 1891 2152 huius-

1143 2171 1230 2203 modi
1250 2170 1413 2204 molestari
1432 2171 1480 2203 vel
1500 2171 1684 2215 perturbari
1702 2181 1796 2215 posse
1813 2176 1893 2205 tem·

1142 2233 1221 2266 pore
1239 2223 1445 2266 procedente.

1143 2274 1150 2284 ‘
1187 2276 1202 2318 ξ
1221 2275 1254 2308 4.
1276 2276 1338 2309 Nos
1362 2276 1471 2319 igitur,
1487 2276 1543 2320 qui
1562 2277 1703 2310 votivum
1718 2277 1820 2321 ipsius
1831 2277 1889 2311 So*
1923 2290 1928 2296 ·

1144 2329 1267 2362 cietatis
1286 2329 1466 2372 profectum
1490 2330 1617 2363 sincero
1641 2335 1794 2374 paternae
1810 2330 1890 2364 cari·
1918 2326 1930 2334 ²

1144 2381 1215 2415 tatis
1234 2382 1500 2416 affectulibenter
1513 2383 1751 2426 amplectimur,
1770 2382 1888 2417 eisdem

1144 2434 1295 2468 Societati
1329 2435 1480 2478 illiusque
1505 2435 1667 2476 domibus,
1697 2435 1792 2469 etiam
1813 2446 1890 2480 pro-

1144 2483 1294 2524 bationis,
1327 2484 1471 2527 collegiis
1497 2490 1528 2517 et
1550 2483 1708 2527 personis,
1743 2494 1784 2517 ne
1813 2495 1890 2529 pro-

1144 2537 1255 2576 pterea
1291 2532 1451 2571 dictarum
1482 2533 1662 2566 litterarum
1696 2533 1891 2567 frustrentur

1146 2581 1262 2614 effectu
1282 2587 1464 2625 opportune
1480 2582 1648 2625 providere
1666 2582 1820 2623 volentes;
1840 2583 1889 2627 ip-

1146 2640 1283 2674 sumque
1306 2630 1525 2674 praepositum
1550 2635 1581 2664 et
1605 2630 1785 2673 singulares
1818 2641 1884 2675 per.>
