2059 3228
42 257 171 295 ,194836

54 304 55 309 ’
186 310 250 344 rint
269 310 421 353 premoti,
444 315 474 344 et
492 310 680 353 vigesimum
697 311 843 353 quintum
858 320 932 343 suae

185 363 295 397 aetatis
311 373 432 397 annum
453 364 656 404 excesserint,
673 363 697 397 si
717 364 825 396 babitu
841 374 932 406 prae-

185 416 335 457 latorum,
364 416 449 450 iuxta
472 417 648 449 Iunoeeutii
679 417 932 460 praedecessoris

183 470 433 513 praescriptum,
448 470 597 503 incedere
610 470 777 510 voluerint,
794 480 829 502 ex
846 480 931 502 nuuc

185 528 283 566 prout
298 533 333 555 cx
355 528 431 556 tunc
442 528 473 556 ct
488 534 504 556 e
521 528 642 563 contra,
663 528 832 566 postquam
845 522 932 555 babi-

185 581 252 608 tum
268 576 485 618 praelatorum
503 576 714 619 susceperint,
726 586 762 608 eo
773 576 852 618 ipso,
864 576 933 607 abs-

182 638 246 672 que
266 629 328 661 alia
348 629 578 673 approbatione
599 634 629 662 et
657 628 862 668 admissione,
884 639 932 661 re-

182 681 380 723 ferendarios
399 687 571 726 perpetuos
590 682 758 724 utriusque
783 681 931 723 Signatu-

181 744 237 771 rae
256 740 383 769 nostrae
404 740 434 768 et
452 735 586 768 Romani
597 735 759 767 pontificis
772 745 830 778 pro
853 740 931 767 tem-

182 798 261 832 pore
283 788 446 822 existentis
466 798 630 828 creamus,
653 788 878 821 constituimus
902 793 929 820 et

183 841 385 886 deputamus,
405 852 442 875 ac
465 846 599 881 creatos,
621 841 810 874 constitutos
831 847 862 874 et
877 841 930 873 de-

183 899 311 939 putatos
330 895 427 928 fuisse
447 899 477 928 et
496 906 564 928 esse
585 895 786 928 declaramus
799 901 830 927 et
847 906 930 927 nun·

183 948 328 989 ciamus;
349 948 459 992 eisque
479 954 510 982 et
529 959 643 981 eorum
664 948 796 981 cuilibet
815 949 854 981 de
866 959 931 981 om-

183 1001 277 1036 nibus
296 1006 327 1035 et
341 1001 475 1044 singulis
486 1001 671 1045 privilegiis,
691 1001 929 1041 emolumentis,

143 1087 150 1095 ,
186 1055 456 1096 immunitatibus,
469 1055 730 1099 praeeminentiis,
740 1055 931 1095 facultatib,

183 1107 292 1152 gratiis
310 1114 341 1142 et
354 1108 496 1149 indultis,
511 1108 583 1142 aliis
603 1109 770 1152 utriusque
786 1108 933 1151 Signatu-

130 1172 133 1174 ·
183 1173 238 1196 rae
256 1162 483 1196 referendariis
501 1162 747 1206 quomodolibet
759 1163 930 1203 concessis,

182 1221 217 1249 et
235 1216 353 1259 quibus
372 1215 433 1261 ipsi
457 1220 603 1256 utuntur,
622 1216 792 1259 potiuntur
811 1221 841 1249 et
857 1226 932 1259 gau-

185 1375 242 1416 uti,
262 1375 357 1420 potiri
378 1381 408 1409 et
427 1376 566 1419 gaudere
596 1377 697 1409 libere
726 1382 757 1409 et
775 1376 861 1410 licite
880 1387 933 1409 va-

185 1429 283 1470 leant,
305 1430 514 1463 concedimus
534 1436 565 1464 et
583 1430 800 1473 indulgemus.

230 1482 245 1526 §
269 1483 323 1517 ¹15.
345 1483 401 1516 Ille
423 1494 498 1517 vero
526 1483 775 1517 secretariorum
806 1494 935 1517 eorum-

51 1548 172 1570 emurium
186 1536 271 1578 dem,
294 1537 351 1581 qui
375 1537 540 1581 antiquior
568 1537 681 1571 doctor
700 1542 731 1570 et
751 1538 933 1571 referenda-

57 1579 100 1600 teti·
119 1579 173 1601 rele-

58 1641 173 1698 ῗξξξξὲξζ·
187 1643 349 1676 Pontificis
359 1654 418 1688 pro
426 1648 571 1688 tempore
580 1644 742 1677 existentis
750 1644 933 1687 signaturis,

79 1701 173 1724 interve·
187 1696 318 1730 nomine
338 1697 465 1740 collegii
479 1697 739 1738 secretariorum,
753 1708 790 1730 eo
808 1697 877 1741 ipso
889 1697 935 1729 in-

53 1737 113 1776 ¹·¹⁰''⁰
125 1738 175 1756 Μ’
187 1749 344 1783 tervenire
357 1751 470 1791 valeat,
487 1750 830 1794 pariterindulgemus.
844 1750 934 1789 Quod

187 1803 214 1837 si
233 1803 273 1837 ab
291 1803 376 1837 Urbe
396 1804 509 1837 absens
528 1803 577 1837 vel
598 1803 857 1847 aliasimpeditus
870 1803 934 1836 fue-

187 1856 241 1899 rit,
267 1857 315 1890 vel
335 1856 499 1900 antiquior
523 1857 713 1890 secretarius
730 1857 791 1889 alia
811 1858 934 1889 ratione

187 1910 238 1944 vel
254 1920 349 1943 causa
366 1910 470 1943 dictae
486 1909 667 1953 signaturae
681 1909 935 1942 intervenireha-

187 1963 305 2006 buerit,
327 1963 381 2008 qui
399 1963 570 2007 postillum
582 1963 640 1996 erit
653 1962 814 2006 antiquior
831 1973 936 1995 secre-

187 2016 288 2050 tarius
307 2022 338 2050 et
357 2016 594 2050 referendarius
613 2016 737 2049 indulto
752 2015 937 2049 huiusmodi

190 2079 228 2103 eo
252 2068 322 2113 ipso
341 2069 493 2114 potiatur.

234 2122 250 2167 ἓ
273 2122 327 2156 16.
353 2122 498 2166 Cumque
517 2122 680 2156 secretarii
701 2121 772 2166 ipsi,
794 2121 850 2164 qui
871 2122 938 2155 ele-

71 2187 132 2211 rum
147 2189 177 2210 eis
191 2176 248 2210 rici
269 2181 375 2217 erunt,
396 2176 496 2210 nostri
508 2181 539 2210 et
552 2175 688 2209 Romani
703 2175 866 2208 pontificis
880 2186 938 2218 pro

71 2221 178 2272 ,ξ’,ζζυξζξ
192 2236 338 2274 tempore
357 2229 518 2263 existentis
538 2229 602 2262 sint
621 2228 753 2272 praelati
772 2227 934 2260 domestici

74 2283 102 2310 ¹⁴³
193 2287 224 2316 et
246 2282 419 2316 familiares
453 2293 491 2315 ae
519 2281 664 2315 continui
692 2280 934 2317 commensales,

194 2341 426 2379 teneanturque
458 2335 547 2368 iuxta
579 2334 813 2378 praescriptum
843 2333 936 2365 inno-

194 2389 288 2424 centii
314 2387 568 2433 praedecessoris
588 2387 733 2430 praefati,
756 2385 858 2418 nisiin
873 2396 937 2417 ma-

194 2437 255 2471 iori
278 2437 398 2470 fuerint
417 2436 568 2480 dignitate
596 2435 771 2474 constituti,
800 2434 938 2466 notaria-

194 2491 245 2520 tus
262 2486 410 2520 habitum
430 2485 591 2528 suscipere
605 2490 637 2517 et
653 2484 788 2521 deferre,
803 2493 842 2515 ne
853 2483 936 2525 quod

195 2545 254 2580 pro
281 2539 470 2569 ornamento
500 2539 532 2566 et
555 2534 672 2566 decore
696 2533 856 2565 Romanae
878 2531 938 2564 Cu-

195 2583 261 2617 riae
281 2584 411 2627 provide
432 2582 612 2615 institutum
630 2587 686 2618 est.
705 2579 896 2623 negligentia
909 2585 939 2611 et

195 2631 407 2666 desuetudine
425 2632 610 2674 abrogetur,
641 2628 857 2674 praesentium
888 2638 940 2660 au-

273 2685 351 2716 Ball.
374 2685 453 2715 Rom.
474 2684 526 2714 Vol.
548 2683 617 2712 rm.
827 2681 863 2710 87

833 258 937 283 SWTUR
960 259 979 281 V
1002 258 1047 281 ΡΡ.

185 1269 273 1310 dent,
295 1279 332 1302 ac
360 1269 420 1310 uti,
447 1269 544 1313 potiri
564 1274 594 1302 et
619 1270 760 1312 gaudere
780 1274 952 1313 poteruntj

185 1322 430 1366 quomodolibet
460 1322 493 1356 in
527 1323 684 1364 futurum,
716 1322 953 1367 parisormiter'

1609 247 1673 283 689

974 310 1122 342 ctoritate
1140 310 1297 351 volumus,
1315 310 1515 353 singulisque
1540 311 1719 344 secretariis

974 363 1134 407 praefatis,
1158 357 1378 406 praesentibus
1394 370 1423 397 et
1441 365 1569 406 futuriS,
1592 365 1717 409 praeci-

975 416 1080 460 pimus
1104 423 1134 449 et
1161 419 1349 451 mandamus
1370 423 1527 462 quatenus
1547 419 1600 462 qui
1623 419 1718 452 cleri-

974 469 1033 503 cali
1052 470 1185 503 militiae
1201 472 1315 503 ascribi
1330 473 1498 514 volum-int,
1514 473 1719 516 vigintiquin-

972 534 1035 566 que
1058 524 1149 555 annis
1180 525 1328 563 maiores,
1356 526 1498 558 babitum
1523 531 1553 559 et
1583 526 1719 569 insignia

973 576 1117 609 deferant
1143 578 1340 610 notariorum
1376 579 1650 622 apostolicorum,
1685 590 1718 613 e-

974 628 1060 670 tiam,
1084 630 1109 661 si
1131 630 1307 670 voluerint,
1329 632 1461 664 violacei
1488 633 1622 673 coloris3
1663 633 1716 676 qui

971 693 1047 716 vero
1079 683 1197 716 fuerint
1231 684 1353 727 primae
1380 691 1528 718 tonsurae
1555 687 1719 719 dumtaxat

972 735 1095 776 clerici,
1118 736 1148 768 in
1170 737 1239 770 aliis
1260 738 1426 771 ordinibus
1444 740 1718 772 nondumconsti-

972 788 1043 830 tuti,
1071 800 1126 822 seu
1148 791 1338 831 saeculares,
1361 792 1456 824 etiam
1478 792 1717 833 coniiigati‚x'c-
1794 816 1808 828 .

973 842 1074 876 stibus
1095 849 1240 883 utantur,
1261 845 1284 877 si
1297 845 1342 877 eis
1362 846 1530 887 placuerit,
1545 847 1717 879 etiamvio-

973 897 1081 936 laceis,
1104 903 1204 947 prout
1221 898 1411 930 cubicularii
1429 900 1595 941 apostolici
1608 900 1718 933 debo-

973 960 1051 982 nore
1071 950 1258 994 nuncupati.
1278 951 1539 991 Habeantetiam‚
1559 952 1612 995 qui
1625 958 1717 985 nota-

973 1003 1011 1035 rii
1025 1003 1143 1036 fuerint
1153 1004 1241 1036 Sedis
1253 1004 1466 1046 Apostolieae,
1480 1006 1587 1038 locum
1602 1005 1634 1037 in
1647 1017 1720 1048 cap-

973 1057 1056 1100 pella
1086 1062 1116 1089 et
1135 1057 1205 1090 aliis
1225 1057 1350 1089 actibus
1369 1058 1525 1101 publicis,
1553 1059 1584 1090 in
1605 1059 1721 1101 quibus

973 1121 1046 1143 cum
1072 1110 1182 1154 cappis
1203 1116 1233 1143 et
1249 1111 1420 1143 rocchettis
1436 1111 1651 1150 interfuerint,
1666 1123 1721 1145 eo-

970 1174 1044 1196 rum
1075 1163 1221 1205 dignitati
1252 1170 1493 1207 congruentem,
1519 1177 1615 1209 quem
1646 1165 1722 1210 ipsis

972 1217 1125 1260 assignari
1147 1217 1343 1250 curabimus.

1016 1271 1031 1314 ξ
1055 1270 1108 1303 17.
1136 1271 1171 1303 Et
1194 1271 1405 1305 nibilominus
1421 1272 1542 1305 litteras
1562 1272 1606 1305 Pii
1626 1283 1720 1316 prae-
1760 1277 1790 1298 ¹¹³⁵
1817 1277 1834 1297 V
1861 1282 1913 1298 σου·

1733 1309 1842 1329 cessiones
1866 1315 1915 1328 vnn·

1733 251 1783 279 Αῐι.
1802 250 1831 278 C.
1844 250 1914 278 1586

973 1324 1305 1367 decessorispraefati,
1324 1333 1358 1357 ut
1374 1335 1483 1369 supra,
1502 1325 1605 1358 eidem
1620 1326 1720 1358 colle·
1734 1340 1806 1363 firmat,
1868 1344 1914 1358 cum

973 1377 1025 1419 gio
1047 1388 1143 1421 super
1169 1377 1413 1410 confirmatione
1439 1384 1468 1411 et
1487 1371 1865 1426 approbatio-ne{2¹g',*}‚¹f}‡,³,⁰3ne
1881 1370 1916 1390 ‘¹⁸‘

973 1431 1150 1463 litterarum
1173 1431 1352 1464 innocentii
1373 1437 1403 1463 et
1427 1431 1563 1464 aliorum
1588 1432 1721 1464 Pontifi-

974 1483 1047 1517 cum
1058 1485 1342 1527 praedecessorum
1355 1491 1551 1525 nostrorum,
1562 1490 1639 1517 tune
1651 1495 1723 1518 suo-

954 1579 955 1582 *
974 1548 1060 1578 rum,
1080 1538 1241 1581 rebusque
1261 1537 1332 1570 aliis
1348 1537 1380 1570 iu
1404 1537 1449 1570 eis
1466 1538 1624 1571 contentis
1644 1549 1722 1571 eon-

52 1610 98 1632 ffl„
118 1611 173 1632 Μ,
186 1590 253 1623 rius
280 1590 388 1631 fuerit,
410 1595 445 1624 ut
461 1590 594 1633 singulis
613 1590 729 1623 nostris
753 1597 783 1624 et
798 1590 932 1623 Romani
954 1608 955 1613 =

975 1601 1089 1632 cessas,
1110 1591 1308 1631 auctoritate,
1337 1597 1458 1630 tenore,
1488 1590 1618 1623 scientia
1639 1597 1669 1623 et
1688 1602 1721 1625 a·

974 1644 1149 1688 postolieae
1162 1644 1324 1687 potestatis
1335 1644 1532 1687 plenitudine
1550 1643 1719 1685 similibus,

974 1698 1191 1741 approbamus
1233 1703 1264 1741 eit
1305 1697 1545 1737 ermfirmamus,
1596 1697 1723 1739 illisque

974 1756 1149 1794 perpetuae
1170 1756 1200 1783 et
1225 1750 1418 1783 inviolabilis
1442 1750 1600 1783 firmitatis
1624 1751 1725 1782 robur

975 1803 1155 1845 adiicimus,
1178 1814 1354 1847 omnesque
1374 1808 1404 1836 et
1420 1803 1552 1845 singulis
1567 1808 1629 1835 tam
1644 1803 1723 1836 iuris

975 1868 1072 1901 quam
1093 1857 1168 1890 facti
1189 1857 1332 1890 desectus
1352 1856 1553 1899 supplemus.

1019 1910 1034 1953 ἓ
1059 1910 1112 1944 18.
1139 1910 1388 1952 Praesentesque
1409 1914 1440 1941 et
1458 1908 1490 1940 in
1511 1908 1556 1940 eis
1573 1913 1742 1946 contenta,
1761 1909 1921 1961 fi,³‘i1⁵⁰¹³⁵.h.'3‘

975 1973 1201 2007 quaecumque
1218 1963 1256 1996 de
1277 1961 1492 2005 subreptionis
1503 1961 1550 1993 vel
1563 1961 1722 2004 obreptio-
1738 1947 1923 2006 ἓῗξηξῖῑνᾪμῖῥζ

976 2017 1026 2050 nis
1045 2022 1100 2050 aut
1119 2015 1275 2049 nullitatis
1291 2015 1377 2055 vitio,
1393 2025 1448 2047 seu
1469 2014 1654 2046 intentionis
1664 2025 1723 2047 no·
1739 2006 1799 2030 ''⁰¹¹¹‘

976 2076 1059 2104 strae
1075 2071 1123 2103 vel
1143 2069 1295 2113 quopiam
1322 2068 1384 2100 alio
1405 2068 1531 2100 defectu
1549 2068 1653 2099 notari
1677 2068 1725 2100 vel

977 2122 1173 2167 impugnari,
1201 2128 1255 2154 aut
1287 2132 1344 2164 per
1367 2131 1425 2153 nos
1459 2121 1505 2153 vel
1544 2121 1725 2153 Romanum

977 2177 1167 2210 Pontificem
1196 2186 1255 2220 pro
1281 2181 1426 2218 tempore
1453 2174 1638 2207 existentem
1655 2185 1725 2206 sus-

958 2246 960 2259 :
978 2230 1085 2274 pendi,
1104 2227 1411 2268 revocari,limita1·i‚
1428 2227 1588 2260 moderari
1611 2238 1665 2260 seu
1687 2227 1726 2260 ad

978 2283 1057 2316 iuris
1082 2282 1237 2315 terminos
1265 2280 1377 2314 reduci
1410 2290 1475 2313 non
1500 2290 1592 2323 posse
1622 2290 1726 2323 neque

980 2337 1110 2375 debere,
1132 2336 1186 2368 sed
1213 2334 1331 2366 validas
1355 2339 1386 2366 et
1406 2332 1550 2366 efficaces
1569 2338 1726 2376 perpetuo

980 2389 1124 2428 existere,
1154 2399 1190 2420 ac
1218 2387 1301 2419 dicto
1329 2386 1464 2429 collegio
1494 2391 1526 2419 et
1549 2385 1726 2418 secretariis

982 2448 1039 2481 pro
1065 2443 1209 2480 tempore
1230 2435 1450 2475 existentibus,
1473 2434 1504 2467 in
1525 2434 1674 2467 omnibus
1697 2439 1729 2468 et

982 2497 1041 2530 per
1073 2485 1192 2525 omnia,
1221 2484 1314 2517 etiam
1348 2488 1517 2526 perpetuo,
1550 2483 1728 2526 suffragari,

982 2547 1018 2568 ac
1033 2535 1096 2568 vim
1116 2534 1221 2573 validi,
1245 2532 1313 2566 initi
1333 2539 1364 2565 et
1383 2532 1524 2576 stipulati
1545 2538 1729 2565 contractus

983 2585 1065 2616 inter
1086 2594 1142 2615 nos
1163 2588 1193 2614 et
1213 2582 1327 2615 Sedem
1353 2592 1389 2614 ac
1408 2581 1574 2614 Cameram
1594 2581 1728 2624 Aposto-

982 2633 1077 2666 licam
1095 2642 1132 2665 ex
1152 2641 1228 2672 una,
1251 2636 1281 2663 et
1301 2629 1472 2673 collegium
1494 2630 1673 2673 praefatum
1693 2639 1730 2662 ex
