2059 3228
150 310 196 345 vel
218 311 428 354 generalibus,
445 322 720 359 quorumcumque
744 321 889 349 tenorum

148 362 291 403 existant,
315 373 371 406 per
394 374 485 406 quae,
510 367 728 408 praesentibus
753 377 815 400 non
840 378 889 400 ex-

147 425 264 460 pressa,
288 421 343 448 aut
359 417 488 450 omnino
513 428 577 450 non
602 419 732 460 inserta,
761 419 890 453 effectus

147 477 255 501 earum
279 467 425 511 impediri
456 470 554 503 valeat
583 472 817 514 quomodolibet
845 472 889 504 vel

147 519 277 559 differri,
294 525 323 553 et
341 521 378 554 de
396 522 511 565 quibus
535 535 735 568 quorumque
756 525 828 558 totis
845 530 887 558 te-

147 571 279 606 noribus
295 573 441 607 habenda
458 576 495 608 sit
511 576 541 609 in
553 579 790 612 nosti-islitteris
803 589 889 611 men-

147 625 192 657 tio
217 625 372 668 specialis,
389 638 470 671 quae
493 630 600 662 omnia
624 635 734 664 contra
757 641 887 664 earum-

146 676 217 709 dem
239 680 454 721 praesentium
479 686 621 715 tenorem
650 684 796 716 nolumus
820 685 885 717 cui-

146 739 239 772 quam
265 730 297 763 in
314 732 420 775 aliquo
437 734 614 778 suffragari,
632 736 799 770 contrariis
816 737 885 780 qui-

145 780 349 827 buscumque;
366 791 419 818 aut
436 786 461 818 si
479 787 753 821 commendatariis
768 793 798 821 et
815 799 885 831 per-

146 833 232 867 sonis
254 837 424 879 praedictis
450 840 494 872 vel
518 840 680 883 quibusvis
704 841 784 883 aliis,
801 853 885 875 com-

145 888 284 921 muniter
308 891 352 923 vei
377 891 522 933 divisim,
547 894 586 926 ab
609 895 719 927 eadem
743 894 781 927 sit
807 895 885 929 Sede

144 940 301 976 indultum
326 945 410 987 quod
433 945 591 988 interdici,
608 948 756 991 suspendi
775 949 821 981 vel
838 960 885 982 ex-

143 997 372 1030 communicari
388 1009 452 1031 non
468 1000 588 1042 possint
606 1012 663 1043 per
675 1002 795 1035 litteras
811 1012 884 1045 apo-

144 1049 267 1083 stolicas
290 1061 354 1084 non
377 1052 527 1086 facientes
554 1055 679 1096 plenam
704 1061 732 1088 et
757 1067 885 1099 expres-

143 1111 210 1136 sam
233 1108 264 1136 et
287 1104 326 1137 de
349 1106 444 1138 verbo
468 1107 507 1139 ad
537 1107 666 1140 verbum
696 1109 734 1141 de
765 1109 886 1143 indulto

144 1153 325 1189 huiusmodi
350 1158 556 1192 mentionem.

34 1206 135 1258 m
167 1207 201 1251 ‘5
223 1206 276 1241 24.
299 1209 461 1244 Postremo
486 1213 628 1247 volumus
653 1220 695 1256 ut,
714 1216 808 1259 lapsis
825 1222 887 1250 sta-

37 1259 200 1306 'nug—tim
216 1260 340 1295 duobus
352 1264 514 1297 mensibus
531 1276 548 1298 a
564 1266 779 1309 publicatione
795 1280 886 1312 prae-

145 1313 242 1356 dicta,
267 1316 311 1348 ita
338 1326 597 1362 unumquemque
632 1322 887 1364 supradictorum

143 1373 275 1410 arctent,
301 1379 336 1402 ac
360 1369 386 1403 si
411 1370 594 1414 singulatim
623 1374 789 1408 intimatae
813 1376 888 1409 suis-

143 1427 228 1462 sent;
252 1433 362 1456 earum
386 1434 511 1467 quoque
535 1428 688 1470 exempla,
713 1429 808 1461 etiam
834 1430 888 1462 im-

142 1485 262 1519 pressa,
285 1477 401 1509 notarii
425 1478 542 1521 publici
573 1490 671 1512 manu
700 1487 730 1513 et
754 1482 885 1524 praelati

143 1528 344 1562 ecclesiastici
381 1530 483 1573 sigillo
518 1524 705 1576 obsignata,
742 1536 884 1568 eamdem

142 1580 227 1615 illam
250 1593 379 1625 prorsus
408 1583 505 1618 fidem
533 1586 650 1630 ubique
675 1589 825 1628 locorum,
851 1588 883 1620 in

141 1634 258 1668 iudicio
281 1643 312 1669 et
327 1642 414 1670 extra
430 1637 516 1677 illud,
531 1639 657 1681 saciant,
672 1652 766 1684 quam
784 1642 792 1674 i
795 1653 883 1685 psae-

140 1692 204 1720 met
241 1694 420 1732 praesentes
462 1691 600 1725 facerent
639 1693 797 1727 exhibitae
836 1697 882 1728 vel

140 1744 293 1774 ostensae.
315 1742 396 1775 Nulli
421 1753 497 1787 ergo
520 1746 651 1778 omniuo
675 1750 729 1779 etc.

183 1795 296 1829 Datum
319 1797 438 1831 Romae
464 1799 547 1842 apud
565 1800 714 1833 Sanctum
731 1801 880 1845 Marcum,

140 1859 223 1884 anno
246 1850 475 1886 incarnationis
509 1855 688 1889 dominicae
715 1857 880 1891 millesimo

139 1903 395 1947 quingentesimo
411 1908 643 1951 septuagesimo
662 1921 759 1952 nono,
775 1911 881 1945 kalen·

139 1956 190 1990 dis
222 1959 423 2000 novembris,
447 1962 650 2004 pontificatus
673 1965 773 1997 nostri
798 1976 881 1999 anno

139 2017 209 2044 vul.

181 2063 240 2097 Dat
261 2064 312 2097 dic
335 2064 351 2097 1
378 2075 449 2099 ιιον.
474 2066 695 2112 1579‚pontis.
714 2081 798 2105 anno
815 2083 880 2106 v111.

485 2184 543 2218 CX.

139 2249 184 2283 De
209 2252 363 2295 electione,
387 2257 519 2299 quolibet
543 2259 680 2293 triennio
703 2271 737 2294 m
762 2264 882 2305 capitu-

181 2305 210 2338 lo
231 2308 372 2349 generali
394 2308 510 2350 fienda,
530 2312 651 2354 prioris
673 2317 829 2356 generalis
853 2322 879 2350 et

181 2357 321 2391 aliorum
331 2361 549 2402 praelatorum
561 2368 808 2408 conqreyationis
832 2380 882 2401 ca—

180 2410 368 2444 micorum
397 2415 596 2456 remilaritim
623 2417 655 2450 S.
689 2419 862 2454 salvatoris
875 2449 882 2463 ,

181 2462 313 2497 Ordinis
327 2464 359 2498 S.
375 2465 559 2509 Auqustim',
577 2470 707 2514 eiusque
730 2473 883 2507 bonorum

180 2519 401 2562 temporalium
423 2520 708 2557 administratione.

138 2581 244 2612 minotio
262 2583 323 2613 titiis
343 2584 422 2620 priori
455 2585 583 2621 generati,
621 2587 806 2623 visitatoribus,
838 2590 882 2618 ab·

176 2633 285 2667 batibus,
306 2635 474 2671 praepositis,
497 2634 635 2670 prioribus,
664 2636 780 2674 vicariis,
805 2644 882 2671 prae-

242 2694 318 2719 Ball.
336 2694 415 2721 Rom.
434 2693 488 2719 Vol.
514 2693 586 2720 Vm.
797 2695 831 2721 40

743 261 920 287 Gnsscontus
944 260 1000 286 xm
1017 261 1066 285 PP.

1557 254 1621 287 313
1677 257 1728 282 An.
1748 255 1775 282 c.
1798 257 1865 283 1579

958 316 1030 351 latta,
1057 317 1266 352 procuratoribus
1302 326 1334 347 ac
1369 319 1526 348 otticiatibus
1561 319 1662 353 quibus-

957 371 1078 399 cumque,
1114 372 1179 392 nunc
1201 369 1227 394 et
1247 374 1292 401 pro
1325 369 1441 402 tempore
1477 367 1659 400 existentibus,

956 420 1115 448 quocumque
1137 413 1209 442 titulo
1230 416 1391 451 nuncupatis,
1427 424 1524 445 necnon
1558 417 1661 444 canoni-

955 461 1006 495 cis,
1029 462 1138 496 novitiis,
1160 464 1301 496 conversis,
1323 465 1468 492 commissis
1484 473 1515 493 ac
1529 466 1661 500 quibusvis

956 510 1016 538 aliis
1043 511 1161 545 personis
1196 511 1219 538 in
1251 514 1445 546 congregatione
1481 513 1660 541 canonicorum

955 558 1113 593 regularium
1135 558 1163 587 S.
1183 558 1330 588 Salvatoris
1351 560 1452 589 Ordinis
1474 561 1502 590 S.
1526 562 1658 596 Augustini

954 606 1114 640 deflentibus.

1129 684 1266 720 Gregorius
1289 685 1359 721 Papa
1383 686 1441 713 ΧΙΙΙ.

915 748 1004 777 nitenti
1018 749 1077 784 tilii,
1094 750 1204 780 satutem
1220 755 1246 780 et
1260 753 1428 788 apostoticam
1442 754 1654 785 benedictionem.

956 824 1040 863 Quae
1066 825 1148 858 inter
1182 826 1400 869 religiosorum
1430 834 1536 861 coetus
1563 829 1654 861 dissi·
1706 840 1754 861 riui.
1782 842 1799 861 v
1820 844 1866 874 με.

913 877 965 910 dia
987 878 1148 918 excitant,
1171 889 1208 911 ea
1243 889 1282 912 ne
1317 880 1410 913 altius
1440 883 1626 925 expullulent
1647 869 1863 922 ,Ῑῖῑῖἶιὲιο““οέἒῗὲἷ

913 935 985 962 sunt
1009 941 1027 963 a
1050 931 1141 964 nobis
1164 932 1318 966 radicitus
1349 934 1543 977 extirpanda.
1579 922 1862 980 Curussssssflaissi¹3¹¹¹ssffi

916 982 1012 1026 igitur
1035 984 1132 1017 felicis
1163 986 1390 1019 recordationis
1419 987 1491 1019 Pius
1516 988 1597 1030 Papa
1623 976 1861 1033 Y‚{¹{S‹'›mie¹1}s¹⁰‘e¹¹e³

916 1036 1134 1079 praedecessor
1158 1044 1274 1079 noster,
1298 1050 1354 1082 per
1378 1040 1529 1073 informa
1553 1029 1718 1074 brevis⁰¹¹⁶⁵
1732 1028 1848 1054 m⁸⁰¹⁸¹⁰⁵⁴

916 1090 946 1121 lit
955 1094 1152 1134 teras,super
1164 1092 1390 1125 reformatione
1404 1094 1658 1136 congregationis

917 1147 1035 1173 vestrae
1060 1141 1090 1174 S.
1114 1143 1293 1183 Salvatoris‚
1318 1144 1445 1177 Ordinis
1459 1145 1486 1177 S.
1512 1147 1658 1188 Augusti-

918 1195 949 1227 ni
966 1221 975 1235 ,
998 1200 1160 1229 emanatas
1195 1196 1254 1229 sub
1277 1196 1389 1230 Datum
1415 1204 1498 1231 sexta
1538 1199 1661 1232 decem-

919 1248 983 1280 bris
999 1258 1128 1289 MDLxxi,
1145 1250 1348 1292 pontificatus
1365 1261 1438 1283 vcro
1455 1251 1502 1283 sui
1517 1262 1600 1284 anno
1619 1262 1662 1292 vt,

920 1301 1008 1334 iustis
1024 1306 1051 1334 et
1071 1302 1108 1334 de
1125 1303 1394 1344 gravibuseausis,
1414 1304 1495 1336 inter
1511 1305 1583 1343 alia,
1601 1311 1662 1337 sta-

920 1354 1037 1395 tuisset,
1050 1355 1225 1389 ordinasset
1243 1362 1273 1389 et
1286 1357 1483 1398 decrevisset,
1499 1364 1530 1391 ut
1550 1359 1586 1391 de
1612 1371 1661 1392 cc-

920 1414 984 1440 tero
1011 1408 1183 1451 capitulum
1200 1411 1346 1453 generale
1363 1412 1502 1444 eiusdem
1529 1423 1658 1456 congre-

919 1461 1062 1503 u‘ationis,
1080 1462 1112 1494 in
1137 1473 1200 1506 quo
1224 1463 1313 1506 prior
1337 1465 1503 1507 generalis,
1522 1465 1661 1498 visitato-

918 1526 964 1548 res
980 1515 1139 1558 ceterique
1169 1517 1300 1559 praelati
1325 1527 1361 1549 ac
1385 1518 1479 1550 etiam
1513 1528 1662 1561 procura-

918 1575 964 1601 tor
987 1569 1142 1612 generalis
1167 1570 1371 1612 eligerentur,
1396 1571 1537 1613 quolibet
1562 1571 1659 1603 trien—

917 1621 967 1654 nio
992 1626 1126 1663 tantum,
1155 1632 1218 1655 non
1236 1627 1341 1655 autem
1360 1628 1395 1655 ut
1412 1629 1504 1656 antea
1528 1623 1662 1666 singulis

913 1674 1014 1716 annis,
1039 1674 1263 1708 celebraretur.

955 1727 1016 1771 §1-
1040 1729 1164 1772 Nosque
1181 1740 1238 1772 per
1265 1729 1343 1762 alias
1363 1735 1487 1763 nostras
1513 1731 1632 1762 litteras
1656 1720 1737 1770 ‚us-{²
1751 1722 1791 1768 ¹122.
1814 1721 1868 1767 ‘2⁰¹²'

911 1781 968 1814 sub
983 1781 1095 1814 Datum
1110 1791 1186 1815 xxm
1203 1782 1320 1823 martii,
1334 1793 1484 1822 anxxw,
1498 1783 1652 1826 licetquo-
1662 1777 1756 1822 522322V¹
1769 1791 1788 1820 'm
1802 1782 1812 1793 ‘¹
1848 1829 1853 1832 ²

911 1835 950 1867 ad
984 1835 1140 1868 rationem
1179 1835 1315 1878 eligendi
1356 1837 1478 1879 priores
1513 1836 1652 1878 aliosque
1664 1830 1810 1875 Effiff¹⁰¹⁴¹¹m
1825 1831 1866 1846 '¹¹'

913 1889 1066 1931 praelatos
1090 1889 1310 1921 conventuales
1334 1893 1457 1921 tantum
1476 1888 1652 1930 praedictas
1665 1882 1737 1901 ¹⁶³¹*

913 1942 1041 1982 litteras,
1065 1940 1108 1974 ita
1133 1941 1255 1974 ratione
1272 1947 1303 1974 et
1319 1952 1399 1974 novo
1417 1951 1523 1973 rerum
1541 1947 1655 1972 eventu

916 1994 1061 2026 :uadente
1080 2020 1087 2033 ‚
1111 1993 1385 2027 immutaverimus
1416 2003 1451 2025 ac
1484 1993 1655 2025 modificati

915 2047 1075 2087 fuerimus,
1107 2046 1219 2079 ceteris
1247 2052 1353 2079 tamen
1381 2045 1528 2078 omnibus
1547 2045 1578 2076 in
1596 2045 1655 2077 eis-

923 2101 981 2132 lem
1000 2098 1112 2132 litteris
1128 2100 1285 2132 contentis
1301 2104 1329 2132 et
1345 2098 1508 2137 ordinatis,
1520 2109 1555 2130 ac
1568 2108 1657 2140 prae-

917 2153 1019 2185 =ertim
1059 2152 1208 2185 triennali
1233 2152 1376 2185 electioni
1414 2152 1658 2192 huiuscemodi,

915 2216 975 2239 non
1001 2206 1102 2239 solum
1126 2216 1190 2238 non
1215 2205 1319 2248 aliqua
1343 2205 1403 2236 alia
1435 2215 1470 2236 ex
1494 2209 1583 2246 parte
1608 2205 1657 2237 de-

915 2260 1038 2292 trahere
1055 2265 1110 2292 aut
1135 2260 1288 2291 ullatenus
1313 2258 1465 2299 derogare
1490 2257 1565 2289 velle
1581 2267 1653 2299 pro-

914 2313 983 2347 fessi
1016 2323 1160 2356 expresse
1184 2312 1346 2351 fuerimus,
1372 2316 1403 2342 ut
1430 2310 1497 2352 ipsa
1526 2319 1655 2352 quoque

913 2365 1167 2399 conventualium
1186 2364 1397 2407 praelatorum
1415 2361 1519 2394 officia
1536 2361 1575 2393 ad
1600 2361 1656 2393 tri-

913 2419 1043 2452 ennium
1067 2418 1278 2456 extendentes,
1302 2427 1338 2448 ea
1356 2415 1462 2448 omnia
1488 2414 1658 2447 confirma-

913 2471 1048 2504 verimus
1071 2476 1164 2513 atquc
1189 2468 1486 2511 approbaverimus,
1505 2468 1658 2511 quemad-

913 2524 1040 2556 modum
1064 2523 1097 2555 in
1122 2523 1214 2555 dictis
1243 2521 1359 2554 nostris
1389 2521 1503 2554 litteris
1533 2522 1655 2565 plenius

912 2576 1101 2610 continetur.

954 2631 969 2674 ξ
992 2631 1021 2663 2.
1047 2629 1267 2669 Nihilominus,
1293 2628 1366 2671 quia
1384 2638 1485 2672 nuper
1502 2628 1592 2662 nobis
1610 2636 1654 2662 est

1783 1855 1863 1874 durare

1709 2630 1801 2653 Quidam
1832 2632 1865 2648 tn-
