2059 3228
46 247 66 278 C
78 243 155 279 1577'

185 309 269 340 mus,
283 309 421 344 perqum
438 297 647 333 ecclesiarum
662 298 819 340 omnium,
837 309 930 343 prae-

187 351 295 386 sertim
338 362 450 385 curam
495 352 675 385 animarum
727 351 928 390 habentium,

187 404 356 438 commodo
385 410 416 438 et
452 405 582 439 utilitati
620 406 720 439 valeat
759 404 932 438 salubriter

184 457 360 502 provideri.

230 510 245 554 ἓ
265 510 295 544 1.
322 510 448 543 Dudum
472 511 628 554 siquidem
649 512 756 544 omnia
774 510 930 542 beneficia

37 573 168 595 mendorum
186 562 410 603 ecclesiastica,
424 574 497 596 cum
515 575 592 597 cura
611 569 641 596 et
653 563 720 596 sinc
737 574 826 602 cura,
844 563 928 605 apud

33 604 168 662 'fffflssssiffl
185 615 299 650 Sedem
324 616 538 660 Apostolicam
564 622 640 650 tunc
666 616 810 649 vacantia
835 621 866 648 et
898 615 927 648 in

34 672 47 686 ¹¹
69 670 168 688 ruom-
183 675 276 703 antea
299 675 463 710 vacatura,
485 670 649 704 collationi
673 674 704 703 et
726 668 928 713 dispositioni

182 727 309 755 nostrae
327 722 566 763 reservavimus,
582 722 790 755 decernentes
806 726 928 754 extunc

181 775 310 808 irritum
332 781 363 809 et
382 776 487 816 inane,
511 776 536 808 si
561 785 654 808 secus
696 785 794 818 super
824 775 874 807 his
910 785 927 807 a

178 837 356 871 quoquam,
370 828 482 872 quavis
502 827 703 868 auctoritate,
726 827 865 860 scienter
880 827 925 860 vel

178 881 375 924 ignoranter,
395 881 567 923 contigerit
586 880 747 914 attentari.
770 881 849 914 tium
870 880 927 913 ita-

178 943 242 977 que
250 934 453 978 postmodum
466 933 659 977 parochialis
673 933 809 967 ecclesia
818 934 925 967 Sancti

178 986 348 1020 Salvatoris
367 987 405 1020 ad
430 987 556 1019 Turrim
595 987 729 1020 Militum
750 987 789 1019 de
827 987 923 1028 Urbe,

178 1049 237 1082 per
259 1039 394 1073 liberam
431 1040 681 1083 resignationem
719 1040 827 1073 dilecti
866 1040 922 1072 filii

175 1091 313 1125 Matthiae
332 1092 485 1126 Baroccio
509 1093 548 1126 de.
572 1092 683 1134 Cento,
706 1103 810 1136 nuper
824 1093 924 1136 ipsius

174 1143 318 1178 ecclesia]
337 1145 484 1185 rectoris,
506 1146 546 1179 de
566 1145 632 1184 illa,
655 1156 751 1189 quam
773 1151 849 1179 tunc
865 1147 923 1179 ob-

174 1197 305 1239 tinebat,
329 1198 361 1231 in
370 1199 520 1232 manibus
536 1199 655 1232 nostris
675 1204 787 1242 sponte
808 1200 922 1232 factam

173 1255 204 1283 et
217 1261 277 1294 per
299 1261 357 1284 nos
382 1251 565 1292 admissam,
593 1252 680 1296 apud
700 1252 814 1285 Sedem
835 1263 922 1285 eam-

172 1302 245 1336 dem
264 1304 423 1337 vacaverit
439 1309 469 1337 et
488 1309 578 1337 vacet
601 1305 640 1337 ad
666 1315 828 1347 praesens,
848 1305 922 1337 nul-

172 1354 289 1399 lusque
308 1356 347 1390 de
368 1357 422 1390 illa
441 1363 570 1400 praeter
590 1368 647 1390 nos
668 1357 727 1390 rite
751 1357 922 1401 disponere

172 1408 314 1452 potuerit
346 1409 410 1442 sive
430 1409 539 1453 possit,
573 1410 789 1443 reservatione
814 1416 846 1444 et
866 1411 921 1444 de-

173 1466 262 1495 creto
283 1462 512 1496 obsistentibus
535 1463 742 1507 supradictis.

216 1515 231 1558 g
255 1514 286 1548 2.
309 1515 347 1549 Et
363 1516 599 1550 sicutexhibita
618 1517 712 1550 nobis
723 1527 840 1560 nuper,
862 1527 920 1561 pro

172 1573 263 1613 parte
287 1568 395 1603 dilecti
414 1570 472 1602 filii
493 1570 630 1603 Matthaei
661 1571 700 1603 de
725 1570 920 1609 Simonettis‚

152 1651 157 1655 .
173 1621 321 1665 perpetui
337 1622 445 1655 vicarii
457 1623 650 1667 parochialis
660 1623 802 1656 ecclesiae
813 1623 920 1656 Sancti

137 1671 143 1675 ”
171 1673 305 1715 Quirici,
319 1674 414 1708 etiam
431 1675 470 1708 de
483 1676 578 1715 Urbe,
593 1677 705 1720 petitio
721 1677 918 1717 continebat,

171 1725 197 1759 si
214 1726 299 1760 dicta
313 1728 446 1761 ecclesia
461 1728 566 1762 Sancti
577 1729 839 1772 Salvatoris,quae
853 1728 920 1761 rui—

171 1789 245 1813 nam
267 1780 409 1813 minatur
428 1787 459 1814 et
480 1791 560 1824 pene
576 1782 736 1814 destructa
757 1786 815 1821 cst,
838 1786 868 1814 et
881 1781 920 1813 il-

171 1832 234 1865 lius
245 1832 368 1866 fructus
379 1834 460 1866 adeo
472 1839 584 1867 tenues
604 1834 752 1874 existunt,
772 1839 806 1866 ut
826 1845 862 1867 ex
875 1834 920 1866 eis

171 1885 259 1919 illius
276 1892 382 1920 rector
405 1886 509 1920 vivere
535 1891 567 1919 et
589 1897 689 1919 onera
726 1886 771 1919 illi
792 1886 919 1919 incum—

171 1938 279 1972 bentia
298 1939 456 1972 sustinere
472 1939 603 1972 minime
623 1944 739 1982 potest,
756 1939 859 1972 dictae
870 1950 920 1972 ec-

171 1990 276 2024 clesiae
295 1991 402 2024 Sancti
421 1991 542 2031 Quirici
568 1991 719 2035 illiusque
754 1997 919 2035 pcrpetuae

171 2044 297 2078 vicaria]
317 2051 475 2090 perpetuo
496 2046 654 2087 uniretur,
694 2051 920 2079 annecteretur

173 2102 205 2129 ct
227 2097 501 2142 incorporaretur,
519 2105 549 2132 et
569 2110 646 2132 cura
666 2100 848 2133 animarum
869 2100 918 2132 di—

791 246 965 273 altecomus
983 246 1037 272 xm
1060 247 1109 272 PP.

1606 237 1670 275 475

973 298 1077 331 Sancti
1100 299 1269 332 salvatoris
1289 300 1391 335 dictae
1412 301 1555 337 ecclesiae
1585 305 1616 339 S.
1640 307 1717 346 Qui-

973 350 1030 383 rici
1043 362 1097 384 seu
1109 352 1232 385 vicaria]
1251 361 1407 397 perpetuo
1423 362 1604 398 annectere,
1626 361 1718 394 unire

972 409 1002 436 et
1023 404 1302 447 inc01·pora1·c,·‹¹1c
1324 418 1432 440 curam
1461 410 1657 453 praedictam
1680 415 1719 447 ab

972 456 1084 488 eadem
1106 457 1240 489 ecclesia
1251 458 1356 491 Sancti
1375 461 1543 495 Salvatoris
1553 464 1716 506 abdicare,

972 509 1125 552 illamque
1146 510 1231 542 dicto
1249 511 1367 544 vicario
1394 514 1600 555 demandare,
1623 518 1717 552 alias—

971 572 1033 604 que
1054 562 1086 594 in
1099 563 1281 605 praemissis
1297 572 1477 608 opportune
1495 569 1662 611 providere
1678 572 1716 606 de

970 613 1165 657 benignitate
1190 617 1365 659 apostolica
1386 618 1602 661 dignaremur.

1013 667 1027 710 ξ
1046 667 1077 701 3.
1099 665 1160 700 Nos
1181 668 1289 711 igitur,
1308 670 1362 712 qui
1383 671 1518 713 dudum,
1542 674 1626 708 inter
1638 677 1713 715 alia,

969 720 1128 753 vomimus
1148 722 1233 764 quod
1255 728 1399 765 petentes
1419 725 1575 760 beneficia
1610 731 1713 763 eccle—

968 773 1095 806 siastica
1115 774 1185 807 aliis
1210 775 1294 808 uniri
1317 781 1504 811 tenerentur
1536 781 1715 824 exprimere

967 835 1078 858 verum
1099 837 1243 860 annuum
1270 828 1408 862 valorem
1430 833 1605 866 secundum
1628 846 1715 868 com—

968 889 1097 911 munem
1111 879 1350 913 extimationem
1372 881 1467 914 etiam
1488 883 1649 927 beneficii,
1661 888 1713 920 cui

967 931 1053 963 aliud
1072 932 1157 965 uniri
1178 939 1354 976 peteretur,
1384 935 1526 979 alioquin
1551 939 1628 971 unio
1649 951 1713 973 non

966 985 1095 1025 valeret,
1118 991 1148 1018 et
1156 997 1284 1030 semper
1296 987 1326 1019 in
1339 988 1514 1022 unionibus
1529 992 1711 1026 commissio

965 1037 1057 1070 tieret
1075 1038 1113 1070 ad
1136 1044 1254 1082 partes,
1277 1041 1394 1074 vocatis
1410 1052 1549 1084 quorum
1566 1044 1710 1085 interese

965 1090 1114 1134 ipsosque
1135 1092 1317 1125 Matthzetun
1353 1099 1383 1126 et
1420 1095 1580 1128 Matthiam
1606 1108 1623 1129 a
1642 1099 1712 1141 qui-

964 1143 1072 1176 busvis
1096 1146 1451 1189 excommunicationis,
1491 1151 1710 1193 suspensionis

964 1202 995 1229 et
1012 1196 1172 1230 interdicti
1192 1199 1328 1242 aliisque
1344 1201 1569 1235 ecclesiasticis
1584 1210 1711 1237 senten-

964 1249 1026 1290 tiis,
1049 1261 1194 1283 censuris
1213 1257 1244 1285 et
1263 1254 1377 1295 poenis,
1398 1265 1415 1286 a
1441 1254 1510 1288 iure
1526 1257 1572 1288 vel
1593 1257 1633 1289 ab
1655 1258 1712 1290 lio—

964 1302 1061 1343 mine,
1083 1305 1193 1346 quavis
1217 1305 1385 1339 occasione
1419 1308 1466 1340 vel
1491 1319 1597 1350 causa,
1625 1310 1707 1351 latis,

962 1355 987 1387 si
1006 1357 1124 1398 quibus
1135 1358 1379 1400 quomodolibet
1395 1359 1540 1394 innodati
1557 1363 1707 1402 existunt,

962 1409 1000 1440 ad
1019 1409 1167 1443 effectum
1185 1411 1403 1454 praesentium
1418 1413 1582 1447 dumtaxat
1599 1426 1710 1449 conse-

962 1463 1140 1504 quendum,
1163 1464 1278 1497 harum
1299 1465 1381 1498 serie
1393 1466 1592 1500 absolventes
1613 1469 1710 1501 etab-

962 1515 1083 1549 solutos
1103 1518 1170 1550 t'ore
1191 1524 1370 1559 censentes,
1392 1528 1516 1552 necnon
1534 1521 1637 1554 dictae
1656 1532 1708 1554 ec-

962 1568 1066 1601 clesiae
1076 1569 1374 1609 SanctiQuiriciseu
1387 1572 1513 1605 vicaria}
1529 1574 1705 1614 fructuum,

962 1622 1146 1655 reddituum
1162 1629 1192 1656 et
1208 1630 1423 1667 proventuum
1439 1636 1549 1659 verum
1562 1637 1707 1660 annuum

962 1675 1100 1708 valorem
1129 1678 1352 1719 praesentibus
1376 1690 1434 1722 pro
1459 1690 1607 1723 expresso
1632 1691 1706 1723 per-

961 1733 1058 1771 petuo
1078 1729 1241 1771 hahentes,
1274 1731 1461 1765 huiusmodi
1496 1734 1706 1776 supplicatio-

962 1781 1058 1813 nibus
1082 1782 1238 1824 inclinati,
1262 1784 1430 1817 ecclesiam
1466 1785 1571 1818 Sancti
1602 1786 1706 1819 Salva-

961 1834 1037 1866 toris
1063 1835 1262 1877 huiusmodi,
1286 1837 1377 1869 cuius
1397 1838 1530 1877 fructus,
1562 1839 1705 1871 redditus

961 1892 991 1918 et,
1011 1893 1183 1930 proventus
1203 1889 1332 1932 triginta
1356 1896 1495 1933 quatuor
1514 1892 1705 1924 ducatorum

960 1941 1030 1972 auri
1051 1941 1089 1973 de
1104 1941 1248 1981 Camera,
1267 1944 1443 1975 secundum
1465 1944 1704 1977 extimationem

960 1993 1172 2036 praedictam,
1194 1996 1333 2028 valorem
1355 2007 1497 2028 annuum
1511 2024 1518 2037 ,
1541 2002 1576 2029 ut
1599 1997 1704 2030 dictus

960 2047 1124 2080 tttauhaeus
1160 2048 1284 2088 asserit,
1329 2059 1392 2082 non
1430 2049 1600 2089 excedunt,
1635 2047 1702 2081 sive

960 2100 1135 2142 praemisso
1152 2101 1215 2133 sive
1236 2102 1298 2133 alio
1318 2101 1431 2144 quovis
1465 2101 1573 2141 modo,
1595 2109 1652 2135 aut
1664 2112 1701 2134 ex

1744 246 1794 276 An.
1811 245 1831 275 C
1855 247 1919 277 1577

1757 676 1843 696 Annuus
1855 678 1914 698 vator

1730 708 1867 727 uniendorum
1879 708 1914 728 be·

1729 738 1858 759 nenciorum.

174 2149 330 2183 lectorum
355 2152 495 2185 tiliorum
516 2153 788 2196 parochianorum
816 2153 918 2186 dictae
959 2152 1092 2185 alterius
1117 2153 1351 2197 cuiuscumque
1381 2164 1535 2197 personae
1571 2165 1625 2187 seu
1643 2164 1701 2198 per

174 2203 317 2236 ecclesia]
336 2203 442 2237 Sancti
462 2205 633 2238 Salvatoris
653 2206 692 2238 ab
724 2207 836 2239 eadem
862 2207 918 2238 ab·
959 2205 1096 2238 similem
1118 2207 1367 2249 resignationem
1396 2206 1469 2239 dicti
1492 2206 1629 2240 Matthaei
1651 2208 1699 2240 vel

173 2255 349 2297 dicaretur,
375 2257 494 2300 illaque
513 2259 597 2291 dicto
630 2259 776 2292 Matthaeo
797 2265 828 2292 et
858 2270 917 2302 pro
937 2278 940 2310 ἰ
959 2259 1098 2292 cuiusvis
1118 2259 1249 2292 alterius
1268 2259 1306 2291 de
1322 2259 1429 2298 illa,in
1447 2259 1590 2293 Romana
1606 2260 1701 2294 Curia

174 2313 320 2351 tempore
343 2309 487 2342 existenti
506 2311 625 2344 vicario
650 2312 754 2344 dictae
774 2312 917 2345 ecclesiae
959 2311 1022 2344 sive
1043 2318 1129 2344 extra
1146 2323 1228 2351 eain,
1251 2312 1346 2344 etiam
1368 2323 1476 2345 coram
1496 2313 1623 2346 notario
1638 2324 1699 2357 pu-

174 2360 280 2393 Sancti
300 2360 587 2405 Quiriciperpetuo
603 2363 863 2404 demandaretur,
881 2376 917 2397 ex
958 2365 1043 2398 blico
1061 2371 1089 2397 et
1108 2365 1242 2398 testibus
1264 2371 1375 2408 sponte
1396 2364 1522 2406 factam,
1554 2372 1608 2400 aut
1626 2377 1700 2399 ‹son-

174 2413 234 2446 lioc
257 2415 399 2457 profecto
419 2419 483 2446 tam
508 2415 650 2448 ecclesiae
683 2416 713 2448 S.
748 2417 918 2449 Salvatoris
937 2456 939 2459 .
958 2417 1155 2451 stitutionem
1189 2417 1289 2450 felicis
1314 2418 1545 2451 recordationis
1576 2418 1699 2452 loannis

174 2473 271 2505 quam
296 2472 392 2494 curae
426 2462 698 2504 parochianorum
731 2465 916 2498 huiusmodi
936 2462 939 2508 ξ
958 2466 1060 2509 Papae
1084 2467 1175 2505 xxti,
1203 2466 1457 2509 praedecessoris
1481 2468 1594 2507 nostri,
1628 2478 1700 2510 quae

174 2510 335 2543 salubrius
355 2511 589 2551 consuleretur,
604 2522 662 2555 pro
674 2518 761 2555 parte
781 2513 916 2546 Matthaei
935 2510 939 2541 ἰ
958 2515 1070 2558 incipit
1093 2515 1306 2554 Eaeecrabitm
1332 2515 1379 2547 vel
1400 2516 1632 2549 assecutionem
1653 2517 1700 2548 al-

174 2565 203 2591 et
224 2559 360 2591 Matthia*
382 2558 620 2601 praedictorum
641 2560 732 2592 nobis
752 2561 918 2594 humiliter
957 2563 1056 2595 terius
1085 2563 1232 2595 beneficii
1262 2564 1480 2605 ecclesiastici,
1507 2565 1617 2609 quavis
1642 2576 1698 2598 au-

174 2608 388 2652 supplicatum
408 2613 565 2652 quatenus
587 2608 730 2641 eamdem
749 2609 914 2643 ecclesiam
934 2627 939 2654 5
958 2612 1102 2644 ctoritate
1139 2612 1256 2652 collati,
1289 2612 1411 2645 etiamsi
1437 2618 1522 2646 tauto
1556 2620 1700 2657 tempore
