2059 3228
42 243 88 290 fl·
103 244 172 275 ¹582

782 243 958 269 crisconius
981 243 1036 267 xm
1056 244 1101 266 vv.

187 297 249 332 illis
273 298 492 333 incumbentia
530 297 714 343 supportari
754 300 929 342 nequeunt,
970 294 1017 328 vel
1038 293 1179 327 eiusdem
1205 295 1379 336 Religionis
1417 294 1551 337 insignia
1578 294 1717 328 circum-

185 351 335 385 destituta
354 356 553 391 remaneant,
567 356 699 394 paterna
710 350 840 384 caritate
856 359 932 393 pro-

184 403 501 450 videreueorumque
533 404 731 437 indemnitati
763 404 931 436 consulere

184 457 334 498 volentes,
356 457 499 502 ipsorum
534 458 658 490 abbatis
691 462 722 491 et
758 462 932 490 conventus

185 510 476 555 supplicationibus
496 511 528 544 in
554 511 615 544 hac
649 515 738 554 parte
776 508 929 547 inclinati,

185 563 305 597 eisdem
326 563 432 596 abbati
453 568 483 596 et
503 562 672 597 conventui
699 573 826 596 necnon
855 561 931 594 dilc-

186 615 244 650 ctis
267 616 342 649 filiis
361 617 637 660 praeceptoribus,
666 614 932 648 administratori-

185 669 244 703 bus
265 674 296 702 et
329 670 398 702 aliis
431 670 588 713 religiosis
621 669 828 714 hospitalium
856 667 929 701 dicti

186 723 380 764 monasterii,
407 724 439 757 in
470 723 588 767 quibus
621 722 820 766 hospitalitas
858 727 929 755 actu

184 783 363 813 exercetur,
386 782 433 818 ut,
459 777 557 821 petita
576 782 607 810 et
617 776 747 809 obtenta
768 775 799 808 in
821 775 932 819 primis

183 828 224 863 ab
247 829 421 863 ordinariis
440 831 587 864 locorum
616 829 709 863 annis
739 828 873 872 singulis
900 829 930 862 in

183 883 312 927 scriptis
332 883 473 924 lieentia,
492 894 589 927 quam
606 882 667 927 ipsi
688 881 842 916 ordinarii
861 893 930 915 om-

183 936 261 970 nino
285 937 382 980 gratis
403 937 479 970 dare
500 937 647 975 debeant,
668 937 887 980 eleemosynas
901 941 928 968 et

184 1000 410 1034 quaecumque
435 991 497 1023 alia
522 989 663 1023 caritatis
695 988 837 1022 subsidia
875 1000 932 1032 per

140 1048 143 1049 ’
185 1052 338 1087 personas
357 1043 510 1077 honestae
526 1043 620 1082 vitae,
638 1042 717 1076 adid
728 1042 767 1075 ab
787 1042 856 1086 ipso
875 1042 930 1074 ab·

183 1096 255 1130 bate
275 1107 329 1130 seu
350 1097 421 1130 aliis
447 1097 551 1130 dictae
589 1095 764 1140 Religionis
788 1096 932 1139 superio-

182 1149 272 1183 ribus
293 1160 352 1194 pro
390 1156 537 1193 tempore
563 1149 743 1193 deputatas,
777 1160 835 1193 pro
870 1160 929 1181 usu

182 1203 252 1237 eius
266 1203 434 1248 hospitalis
446 1203 476 1237 S.
487 1203 628 1244 Antonii,
640 1203 673 1236 in
693 1214 756 1246 quo
766 1203 932 1246 hospitali-

183 1261 230 1289 tas
244 1262 317 1290 actu
338 1262 516 1297 exercetur,
539 1257 700 1300 simulque
721 1255 821 1293 existit
848 1256 930 1288 intra

182 1309 500 1344 finesilliuscivitatis
508 1310 555 1343 vel
568 1310 762 1343 dioecesisin
774 1321 836 1353 qua
850 1310 932 1342 elee-

182 1374 332 1409 mosynae
349 1365 596 1408 perquiruntur,
617 1369 672 1397 aut
692 1364 851 1397 eiusmodi
871 1369 929 1403 est,

182 1417 216 1450 in
235 1426 299 1462 quo
323 1417 430 1451 curari
450 1418 572 1451 soleant
591 1428 749 1461 pauperes
764 1428 875 1450 omnes
894 1428 931 1450 eo

183 1470 297 1504 morbo
317 1471 512 1511 laborantes,
535 1471 588 1513 qui
609 1481 645 1504 ex
670 1475 735 1503 tota
765 1470 818 1502 illa
842 1470 931 1503 dior-

183 1523 247 1557 ccsi
285 1523 501 1564 adducuntur,
517 1524 707 1568 perquirere
723 1529 752 1556 et
770 1524 930 1566 colligere,

182 1577 301 1621 illaque
321 1577 467 1621 recipere
488 1584 518 1611 et
542 1578 645 1611 levare
671 1577 771 1610 libere
796 1584 826 1610 et
847 1577 931 1610 licite

182 1630 319 1672 valeant,
342 1631 518 1664 dummodo
547 1631 734 1663 huiusmodi
760 1631 931 1675 eleemosy-

183 1694 242 1717 nae
263 1690 492 1718 convertantur
512 1684 675 1717 dumtaxat
696 1684 726 1717 in
747 1695 825 1717 usus
849 1689 951 1728 pau-²

184 1748 298 1781 perum
318 1737 524 1771 infirmorum
556 1742 586 1771 et
616 1738 840 1771 ministrorum
879 1738 932 1771 ‹le-

184 1790 645 1835 servientiumhospitalibus,
685 1802 767 1835 quae
806 1791 837 1824 in
877 1792 931 1824 illa

184 1843 324 1877 dioecesi
344 1849 429 1885 sunt,
452 1849 508 1877 aut
526 1844 559 1877 in
592 1844 710 1888 quibus
743 1844 849 1877 curari
884 1856 932 1877 so-

183 1896 252 1930 lent
289 1907 448 1941 pauperes
489 1897 576 1930 illius
606 1897 774 1938 dioecesis,
803 1898 834 1930 in
868 1909 932 1941 qua

185 1950 406 1995 eleemosynae
432 1950 642 1993 colliguntur,
679 1951 853 1994 apostolica
874 1962 931 1984 au-

186 2003 345 2044 ctoritate,
367 2009 479 2037 tenore
501 2004 734 2048 praesentium,
774 2010 931 2048 perpetuo

186 2057 396 2090 concedimus
416 2062 447 2090 et
465 2057 683 2100 indulgemus;
709 2057 858 2101 ipsosque
876 2069 933 2102 per
951 2070 952 2074 ¹

186 2109 287 2144 dictos
306 2110 489 2144 ordinarios
513 2121 569 2143 seu
600 2121 712 2143 eorum
743 2110 875 2144 vicarios
901 2111 932 2144 in

185 2162 406 2207 spiritualibus
420 2165 586 2207 generales
606 2170 659 2196 aut
679 2164 843 2205 officiales,
857 2175 932 2198 nec—

186 2227 252 2250 non
269 2216 410 2251 fabricae
429 2217 578 2250 basilicae
590 2217 749 2260 Principis
768 2218 933 2261 Apostolo-

187 2280 260 2303 rum
280 2270 319 2303 de
335 2270 433 2311 Urbe,
449 2270 616 2303 Cruciatae
636 2270 781 2310 Sanctae,
804 2281 840 2303 ae.
855 2270 934 2303 Nea-

187 2323 348 2367 politanae
368 2328 398 2356 et
417 2323 553 2356 aliarum
575 2323 816 2366 Redemptionis
835 2323 936 2367 capti-

187 2386 300 2409 vorum
321 2375 508 2409 societatum
529 2375 698 2420 deputatos
708 2376 935 2419 velquoscum-

188 2439 250 2473 que
265 2428 344 2462 alios
363 2429 546 2461 nullatenus
565 2428 760 2472 perturbari,
784 2428 935 2471 impediri

188 2478 237 2511 vel
257 2477 438 2522 inquietari,
459 2477 628 2520 minusque
649 2477 708 2509 sub
728 2477 857 2509 nomine
877 2477 937 2509 Re-

174 2526 318 2569 .ligionis
337 2525 444 2559 Sancti
465 2525 593 2557 Antonii
617 2524 802 2558 huiusmodi
815 2526 854 2557 ab
865 2525 935 2558 aiiis

191 2585 288 2618 quam
307 2573 466 2618 personis,
498 2579 533 2606 ut
557 2573 748 2616 praefertur,
777 2573 936 2617 deputatis

190 2624 406 2668 eleemosynas
443 2622 528 2667 ipsas
566 2622 711 2666 perquiri
749 2628 780 2656 et
814 2622 933 2667 colligi,

268 2672 342 2703 Ball.
365 2671 440 2702 Rom.
466 2671 520 2701 Vol.
546 2671 618 2701 VIII.
778 2670 816 2701 49

1612 232 1676 265 :383

972 347 1045 381 ferri
1069 358 1276 391 quocumque
1303 354 1466 392 praetextu
1489 358 1592 393 posse.

1015 402 1029 443 g
1049 400 1080 434 3.
1104 401 1140 433 Et
1160 401 1371 435 nihilomnius
1391 402 1547 435 universis
1585 407 1615 434 et
1650 401 1716 435 sin-

970 453 1054 496 gulis
1073 454 1308 487 venerabilibus
1329 455 1480 488 fratribus
1499 454 1715 499 archiepisco-

971 507 1019 551 pis
1038 512 1066 540 et
1088 507 1247 551 episcopis
1267 520 1301 541 ac
1323 508 1448 541 dilectis
1468 509 1542 542 filiis
1558 519 1670 542 eorum
1684 508 1715 541 in

970 560 1191 603 spiritualibus
1229 561 1353 594 vicariis
1386 562 1590 603 generalibus
1619 568 1716 606 atque

970 613 1173 654 officialibus,
1198 625 1323 647 necnon
1344 615 1525 655 abbatibus,
1553 615 1715 659 prioribus

970 671 999 698 et
1020 666 1091 699 aliis
1111 667 1320 699 ecclesiarum
1342 669 1502 711 praelatis,
1540 667 1572 700 in
1596 668 1715 701 virtute

969 725 1096 753 sanctae
1117 720 1330 760 obedientiae,
1355 732 1411 764 per
1428 726 1611 764 praesentes
1627 731 1716 755 com-

970 773 1126 806 mittimus
1164 779 1194 806 et
1232 774 1421 807 mandamus
1459 781 1617 818 quatenus
1654 775 1713 819 ipsi

969 837 1081 860 omnes
1101 832 1131 860 ct
1151 827 1280 871 singuli,
1301 838 1358 871 per
1391 839 1423 861 se
1447 829 1495 861 vel
1529 828 1628 861 alium
1657 839 1714 861 seu

969 880 1060 921 alios,
1096 887 1279 924 praesentes
1316 881 1437 915 litteras
1457 887 1488 915 et
1511 881 1543 915 in
1567 881 1612 916 eis
1636 892 1713 915 con-

969 939 1055 966 tenta
1075 944 1313 977 quaecumque,
1335 934 1390 967 ubi
1421 940 1452 968 et
1479 935 1609 978 quando
1633 945 1714 978 opus

949 1002 951 1037 1
968 987 1077 1028 suerit,
1095 998 1132 1020 ac
1150 988 1274 1030 quoties
1287 999 1347 1031 pro
1359 993 1447 1031 parte
1467 988 1588 1022 abbatis
1602 993 1714 1021 etcon-

949 1043 951 1050 ’
968 1047 1079 1074 ventus
1095 1051 1221 1074 necnon
1241 1047 1502 1085 praeceptorum,
1515 1041 1714 1075 administra-

949 1056 1088 1135 itorum,
1112 1095 1337 1137 religiosorum
1365 1101 1395 1128 et
1428 1106 1650 1139 personarum,
1680 1101 1716 1128 ut

971 1148 1160 1191 praefertur,
1168 1148 1393 1191 deputatarum
1402 1149 1586 1182 huiusmodi
1595 1160 1649 1182 seu
1659 1150 1714 1182 ali-

970 1201 1060 1234 cuius
1080 1212 1193 1234 eorum
1219 1201 1508 1245 suerintrequisiti,
1528 1202 1716 1236 solemniter

971 1254 1180 1298 publicantes,
1203 1255 1313 1299 eisque
1327 1255 1358 1288 in
1375 1255 1557 1300 praemissis
1576 1255 1716 1289 efficacis

969 1307 1161 1341 defensionis
1182 1309 1345 1352 praesidio
1369 1309 1563 1349 assistentes,
1597 1309 1716 1342 saciant

950 1361 1158 1397 tauctoritate
1177 1367 1285 1395 nostra
1306 1368 1491 1406 praesentes
1501 1362 1621 1396 litteras
1637 1368 1668 1396 et
1682 1363 1715 1395 in

968 1415 1014 1449 eis
1034 1421 1185 1449 contenta
1205 1416 1391 1449 huiusmodi
1422 1417 1462 1449 ah
1491 1416 1653 1456 omnibus,
1676 1415 1715 1449 ad

948 1470 1049 1512 {quos
1069 1474 1189 1513 spectat
1209 1474 1264 1502 aut
1288 1469 1444 1512 spectabit
1474 1469 1716 1513 quomodolibet

948 1511 1001 1565 {in
1023 1524 1181 1563 futurum,
1209 1523 1435 1556 inviolabiliter
1460 1523 1634 1564 observari;
1666 1524 1715 1568 ip-

968 1587 1084 1620 sosque
1093 1577 1252 1617 abbatem,
1263 1582 1713 1620 conventum,praeceptores,

948 1631 951 1676 ἐ
968 1630 1252 1670 administratores,
1267 1630 1433 1673 religiosos
1453 1637 1484 1664 et
1503 1641 1667 1673 personas,
1682 1636 1716 1663 nt

967 1684 1162 1728 praefertur,
1185 1683 1353 1728 deputatas
1370 1683 1433 1716 illis
1453 1684 1585 1728 pacifice
1606 1684 1669 1716 frui
1685 1691 1715 1716 et

967 1737 1121 1780 gaudere.
1155 1737 1225 1770 Non
1253 1737 1473 1780 permittentes
1497 1748 1551 1770 eos
1574 1738 1620 1769 vel
1656 1737 1716 1769 ali-

950 1809 951 1821 2
968 1801 1066 1834 quem
1088 1790 1233 1833 ipsorum
1253 1791 1392 1833 desuper
1412 1801 1470 1833 per
1493 1800 1716 1833 quoscumque

968 1843 1211 1887 quomodolibet
1233 1843 1373 1876 indebite
1395 1843 1569 1883 molestari,
1592 1847 1716 1886 pertur‘-

949 1897 1049 1941 thari,
1086 1896 1258 1939 inquietari
1288 1896 1335 1929 vel
1361 1896 1523 1939 impediri.
1550 1896 1715 1929 Contradi-

969 1956 1073 1983 ctores
1088 1950 1246 1993 quoslibet
1277 1960 1313 1982 ac
1342 1950 1489 1990 rebelles,
1512 1960 1570 1993 per
1597 1960 1717 1993 poenas

969 2004 1064 2037 etiam
1086 2003 1300 2047 pecuniarias,
1323 2013 1435 2036 eorum
1468 2003 1601 2036 arbitrio
1634 2003 1717 2036 inssi-

969 2057 1088 2099 gendas
1109 2062 1139 2089 et
1166 2056 1388 2100 applicandas,
1414 2067 1451 2089 ac
1486 2056 1624 2100 denique
1659 2066 1717 2099 per

970 2110 1156 2150 sententias,
1184 2120 1335 2143 censuras
1364 2115 1394 2142 et
1421 2119 1541 2153 poenas
1568 2109 1718 2143 ecclesia·

970 2163 1065 2196 sticas
1078 2163 1204 2206 aliaque
1226 2168 1406 2206 opportuna
1423 2163 1501 2195 iuris
1520 2168 1552 2195 et
1571 2162 1645 2195 sacti
1665 2174 1716 2196 re-

972 2217 1089 2257 media,
1117 2216 1331 2260 appellatione
1365 2216 1551 2260 postposita,
1588 2226 1718 2260 compe-

972 2270 1104 2309 scendo,
1139 2269 1353 2312 legitimisque
1377 2279 1474 2312 super
1492 2268 1542 2301 his
1561 2269 1717 2303 habendis

972 2323 1102 2355 servatis
1123 2322 1337 2366 processibus,
1359 2322 1543 2363 sententias,
1565 2332 1718 2356 censuras

973 2382 998 2408 et
1022 2387 1140 2418 poenas
1161 2376 1246 2419 ipsas
1266 2375 1361 2408 etiam
1382 2375 1501 2408 iteratis
1519 2376 1642 2409 vicibus
1661 2388 1717 2419 ag-

972 2429 1142 2470 gravando,
1159 2429 1305 2461 invocato
1325 2428 1420 2461 etiam
1440 2429 1479 2461 ad
1500 2429 1574 2469 hoc,
1595 2429 1621 2462 si
1635 2440 1718 2473 opus

974 2477 1079 2515 fuerit,
1102 2477 1219 2509 auxilio
1239 2476 1363 2509 brachii
1386 2477 1569 2510 saecularis.

1018 2526 1032 2568 ξ
1052 2525 1083 2558 4.
1107 2525 1174 2557 Non
1194 2525 1394 2558 obstantibus
1415 2526 1606 2568 praemissis
1627 2537 1663 2559 ac
1677 2527 1719 2559 sc—

975 2574 1044 2606 licis
1064 2573 1296 2606 recordationis
1321 2573 1474 2607 Bonis-acii
1504 2574 1607 2619 Papae
1640 2575 1716 2614 thl,

953 2621 1230 2681 ¹praedecessoris
1254 2622 1365 2663 nostri,
1386 2622 1424 2655 de
1445 2633 1520 2663 una,
1543 2635 1579 2657 ac
1599 2624 1629 2657 in
1643 2635 1718 2657 con-

1737 243 1786 269 Λη.
1803 242 1831 270 C.
1851 242 1917 271 1582

1757 414 1915 443 Ordinariisquc

1732 445 1794 466 buius
1804 446 1873 467 bullae
1881 453 1915 473 pu-

1732 476 1868 498 blicationem
1894 481 1915 498 et

1731 510 1816 528 execat.
1860 512 1914 529 rom-

1731 539 1802 564 mittin

1748 2529 1864 2552 Contrariis
1879 2533 1917 2553 du-

1734 2565 1801 2588 ιομῐς
