2059 3228
876 224 980 248 Strx'TUs
1000 224 1018 247 V
1043 225 1090 249 1²1³.

208 279 310 314 cantis
335 278 496 321 eligebant
518 290 618 312 unum
639 290 656 313 e
676 279 825 323 collegio,
858 289 954 323 quem

208 333 322 367 dicunt
341 332 463 366 socium
482 333 706 377 capitularem,
729 333 822 366 cuius
838 344 957 367 munus

209 393 256 421 est
274 387 398 420 deferre
426 392 496 419 rota
523 386 648 420 inclusa
668 393 698 420 et
726 388 892 431 obsignata
917 388 955 421 ad

208 442 240 476 S.
260 441 433 485 Georgium
455 440 486 472 in
507 441 596 483 Abra,
621 441 674 473 ubi
701 452 765 474 una
797 453 871 475 rum
893 442 956 475 col-

208 496 292 540 legio
312 495 399 528 illius
418 501 595 528 conventus
615 501 646 528 et
666 496 812 538 patribus
829 507 954 535 novem,

209 549 404 594 computatis
435 549 516 582 rotis
548 549 662 581 delatis
682 560 698 581 a
720 549 807 582 socio
832 549 956 592 capitu-

208 602 269 636 lari
289 601 466 646 praedict0‚
484 602 652 646 perficitur
671 601 786 634 electio
804 603 957 635 ecclesiae

209 656 364 696 vacantis;
405 662 435 690 et
467 656 653 699 subrogatio
686 655 886 689 visitatorum
917 657 956 689 ad

209 709 384 754 collegium
409 710 441 743 S.
476 709 605 752 Georgii
634 709 666 742 in
697 709 775 752 Alga
800 721 873 743 cum
900 721 956 753 pa-

208 763 314 797 tribus
337 773 451 796 novem
482 763 631 806 pertinet.
654 763 691 795 Et
710 768 880 807 postquam
912 765 956 796 l'e-

208 816 279 850 licis
298 816 533 850 recordationis
553 816 626 849 Pius
655 816 740 860 Papa
759 817 793 856 V,
821 817 956 860 praede—

209 881 318 905 cessor
329 876 448 910 noster,
469 870 644 914 apostolica
665 870 856 903 auctoritate
869 882 957 904 man-

209 925 338 958 daverat
361 930 390 958 et
426 924 631 957 ordinaverat
650 930 686 957 ut
706 924 738 956 in
759 935 872 957 eorum
903 936 956 957 ca-

210 978 333 1023 pitulis,
356 984 420 1011 tam
440 978 645 1020 generalibus
664 989 761 1021 quam
781 979 955 1022 particula-

209 1032 312 1074 ribus,
333 1032 536 1066 celebrandis
555 1042 653 1076 super
666 1032 823 1065 electione
840 1032 957 1076 prioris

209 1086 370 1130 generalis
389 1086 594 1130 aliorumque
614 1086 802 1119 officialium
821 1092 892 1119 vota
905 1086 958 1119 ab·

209 1140 350 1173 sentium
385 1145 508 1173 secreto
542 1140 777 1183 reciperentur,
809 1146 839 1172 et
869 1140 957 1183 quod

210 1194 278 1238 ipsa
298 1200 369 1228 rota
397 1194 472 1227 licet
504 1194 537 1227 in
561 1194 666 1238 primo
692 1193 847 1226 scrutinio
869 1194 957 1237 eapi-

210 1248 307 1281 tulari
340 1247 455 1281 electio
471 1274 478 1288 ,
511 1247 550 1280 de
581 1258 644 1291 qua
681 1252 852 1290 ageretur,
894 1257 957 1280 non

210 1302 443 1346 perficeretur,
487 1302 699 1334 nihilominus
736 1302 767 1334 in
806 1301 958 1334 omnibus

211 1355 284 1388 aliis
319 1356 529 1400 sequentibus
566 1355 730 1388 scrutiniis
747 1382 754 1394 ,
796 1360 891 1399 prout
925 1355 957 1387 in

211 1410 329 1454 primo,
347 1417 379 1444 et
396 1421 500 1454 usque
519 1411 558 1443 ad
569 1410 745 1454 perfectam
767 1409 957 1442 electionem

210 1463 305 1497 firma
327 1470 359 1498 et
376 1465 478 1498 valida
498 1470 736 1508 permanerent,
759 1474 795 1496 ac
808 1464 956 1495 ‘eamdem

211 1518 273 1550 vim
297 1523 330 1552 et
360 1520 462 1552 robur
480 1519 635 1552 haberent
662 1524 758 1562 prout
779 1518 811 1550 in
831 1518 952 1561 primo.

211 1571 297 1605 Idem
316 1572 391 1606 Pius
411 1573 639 1616 praedecessor
668 1572 817 1604 mandato
847 1577 876 1604 et
905 1582 958 1604 or-

212 1625 367 1659 dinationi
388 1626 586 1666 huiusmodi,
601 1626 696 1659 certis
709 1625 748 1658 de
760 1625 866 1658 causis
883 1631 959 1658 tunc

212 1680 378 1723 expressis,
410 1681 607 1724 derogando,
639 1685 674 1712 ut
706 1680 867 1712 dictorum
903 1680 959 1711 ab·

213 1733 340 1766 sentiun
367 1740 437 1768 vota
454 1735 485 1767 in
500 1740 602 1767 totum
620 1734 854 1777 reciperentur,
874 1733 959 1766 iuxta

213 1788 350 1820 sormam
375 1789 544 1831 antiquam
579 1788 849 1830 congregationis,
876 1788 960 1820 ultra

213 1841 354 1885 primam
387 1842 487 1875 vicem
520 1848 547 1875 et
578 1843 721 1885 primum
753 1842 958 1880 scrutinium,

214 1894 338 1928 nullam
359 1907 375 1927 v
388 1907 419 1928 m
440 1901 472 1929 et
488 1896 589 1929 robur
611 1896 643 1927 in
663 1895 733 1928 aliis
753 1894 963 1938 sequentibus

215 1948 380 1981 scrutiniis
397 1949 565 1989 haherent,
588 1949 641 1981 sed
664 1949 801 1981 invalida
819 1958 963 1980 remane-

217 2009 301 2043 rent,
323 2003 418 2036 etiam
437 2003 633 2035 mandaverit
650 2009 679 2035 et
701 2002 910 2041 ordinaverim
934 2007 961 2033 et

218 2056 422 2100 postmodum
469 2057 539 2100 piae
578 2056 753 2089 memoriae
791 2055 965 2097 Gregorius

219 2109 304 2153 Papa
327 2110 405 2150 Xlll,
428 2111 523 2144 etiam
544 2110 772 2154 praedecessor
792 2116 910 2149 noster,
926 2108 966 2140 si-

221 2165 288 2198 mili
304 2165 492 2198 auctoritate
509 2165 706 2198 mandaverit
722 2169 752 2197 et
772 2163 965 2196 ordinaverit

219 2219 306 2262 quod
334 2230 407 2253 cum
433 2220 596 2253 canonicis
624 2219 796 2264 praedictis
822 2218 854 2250 in
875 2217 967 2251 dictis

220 2283 335 2307 eorum
368 2275 528 2318 capitulis,
549 2282 613 2308 tam
634 2264 839 2317 generalibus
858 2284 965 2321 “quam

222 2327 484 2371 particularibus,
520 2329 720 2362 celebrandis
756 2339 854 2372 super
884 2329 968 2361 dicta

222 2380 378 2414 electione
394 2383 512 2425 prioris
531 2383 690 2425 generalis
706 2382 910 2425 aliorumque
924 2384 969 2415 of-

222 2429 378 2463 ficialium
398 2437 468 2464 vota
488 2433 669 2466 absentium
687 2433 920 2476 reciperentur,
940 2436 970 2465 et

222 2481 292 2525 ipsa
311 2487 382 2513 vota
406 2491 470 2513 non
491 2482 595 2513 solum
617 2482 648 2513 in
670 2482 787 2525 primo,
809 2493 920 2516 verum
938 2483 968 2516 in

223 2530 375 2563 omnibus
394 2530 465 2562 aliis
498 2530 706 2574 sequentibus
730 2532 906 2571 scrutiniis,
942 2539 972 2565 et

223 2589 327 2622 usque
355 2578 394 2612 ad
423 2579 654 2622 perfectionem
679 2580 811 2623 capituli
837 2586 865 2613 et
887 2581 972 2614 elec-

225 2627 321 2662 tionis
344 2627 462 2672 prioris
488 2628 646 2670 generalis
676 2628 799 2662 fiendae
825 2629 971 2663 mindam

304 2676 379 2712 Bull.
403 2676 478 2707 Rom.
506 2676 560 2713 Vol,
589 2676 660 2706 Vm.
804 2678 860 2707 Μ’.)

998 278 1057 312 vim
1084 284 1113 311 et
1141 279 1241 312 robur
1268 279 1438 318 haberent,
1466 279 1622 324 firmaque
1643 286 1673 312 et
1695 291 1745 313 ra-

998 333 1073 373 lida,
1096 339 1192 376 prout
1213 334 1243 366 in
1265 334 1368 376 primo
1388 334 1555 374 scrutinio,
1580 344 1748 377 permane-

998 392 1082 426 rent,
1105 392 1135 419 et
1155 386 1238 419 ‹tis-ta
1260 393 1330 420 rota
1346 387 1526 420 absentium
1548 397 1613 420 non
1631 387 1746 420 reiice-

999 446 1111 473 rentur
1123 441 1169 473 vel
1182 441 1465 481 comburerentur,
1479 447 1650 484 antequam
1663 441 1748 474 dicta

999 493 1117 538 prioris
1136 493 1295 537 generalis
1306 493 1418 526 electio
1432 494 1578 527 absoluta
1594 504 1658 527 non
1671 494 1748 526 suis—

999 554 1057 587 set,
1101 547 1315 590 prohibuerit.
1348 547 1405 587 Ita,
1433 547 1520 590 quod
1551 547 1589 588 si,
1611 548 1747 581 durante

999 601 1332 643 eod-:mmetsapitulo
1348 601 1502 643 generali,
1523 601 1638 634 electio
1659 601 1746 645 prio-

999 656 1043 688 ris
1072 655 1230 698 generalis
1254 665 1312 698 per
1332 654 1455 687 obitum
1492 655 1539 687 vel
1569 655 1746 688 cessionem

999 719 1103 752 nuper
1123 708 1215 741 electi
1236 713 1291 740 aut
1322 708 1400 740 alias
1425 708 1568 741 iteranda
1600 709 1647 741 vel
1673 709 1746 752 plu-

998 762 1061 795 ries
1100 761 1247 794 habenda
1282 762 1417 802 fuisset,
1455 761 1635 794 absentium
1675 767 1745 794 vota

998 826 1124 859 semper
1152 815 1406 855 attenderentur,
1437 815 1605 859 validaque
1639 821 1670 847 et
1701 816 1746 847 es-

998 869 1111 902 ficacia
1154 880 1226 902 cum
1271 869 1489 913 praesentium
1534 868 1567 901 in
1604 869 1746 912 capitulo

984 923 1159 966 suffragiis
1187 928 1514 963 connumerareutur‚
1549 927 1581 954 et
1615 934 1651 955 ex
1684 922 1746 954 illis

998 977 1148 1011 omnibus
1168 977 1265 1010 simul
1285 976 1403 1009 iunctis
1432 983 1461 1009 et
1494 976 1699 1019 computatis,
1721 976 1743 1009 si

997 1033 1070 1077 quis
1090 1033 1293 1066 medietatem
1326 1033 1504 1071 excederet,
1526 1032 1550 1064 is
1579 1032 1611 1064 in
1641 1032 1746 1075 primo

998 1087 1103 1119 statim
1125 1086 1280 1119 scrutinio
1315 1086 1405 1130 prior
1427 1085 1586 1129 generalis
1607 1090 1744 1123 creatu„

999 1140 1237 1184 publicaretur;
1274 1140 1299 1173 si
1337 1140 1446 1172 nullus
1481 1150 1556 1172 vero
1592 1139 1746 1171 medieta-

1000 1202 1061 1227 tem
1100 1194 1298 1238 praedictam
1343 1194 1536 1233 excederet,
1582 1198 1658 1225 tunc
1697 1203 1747 1225 se-

999 1249 1105 1282 cundo
1125 1255 1156 1282 et
1175 1248 1268 1282 tertio
1296 1248 1454 1281 scrutinio
1479 1258 1496 1279 a
1516 1245 1748 1290 capitularibus

1000 1304 1127 1342 iterato,
1150 1302 1390 1335 connumeratis
1410 1307 1441 1335 et
1460 1301 1542 1334 votis
1565 1299 1747 1333 absentium

999 1375 1126 1409 semper
1138 1361 1265 1395 inomni
1278 1359 1434 1393 scrutinio
1450 1353 1749 1399 computandis,qui

999 1419 1108 1462 plures
1140 1416 1275 1449 haberet
1306 1423 1412 1453 voceS,
1434 1412 1460 1444 is
1480 1410 1570 1454 prior
1589 1408 1749 1452 generalis

1000 1472 1121 1504 electus
1132 1480 1199 1503 esse
1211 1473 1416 1505 censeretur3
1438 1471 1468 1498 et
1488 1464 1513 1497 si
1534 1463 1746 1505 contingeret,

999 1531 1034 1558 ut
1058 1524 1205 1557 omnium
1236 1527 1309 1554 vota
1333 1520 1365 1553 in
1389 1524 1497 1563 partes
1530 1517 1750 1550 dividerentur

999 1577 1160 1620 aequales,
1180 1582 1258 1608 tunc
1278 1584 1316 1607 eo
1337 1583 1424 1612 casu,
1443 1571 1499 1615 qui
1519 1571 1551 1602 in
1572 1580 1748 1612 congrega-

1001 1631 1087 1664 tione
1104 1628 1268 1672 antiquior
1287 1627 1462 1661 canonicus
1487 1630 1580 1664 esset,
1603 1624 1748 1656 omniurn

1001 1694 1161 1718 consensu
1181 1682 1271 1727 prior
1291 1680 1448 1724 generalis
1471 1678 1655 1721 designatus
1682 1687 1749 1710 esse

1002 1738 1252 1780 intelligeretur3
1274 1745 1414 1774 necnon,
1433 1739 1470 1766 ut
1488 1738 1560 1765 vota
1585 1731 1751 1775 praedicta

1002 1797 1125 1825 secreto
1150 1790 1407 1834 porrigerentur,
1428 1787 1522 1820 etiarn
1546 1784 1750 1829 praeceperit

1003 1852 1035 1878 et
1050 1844 1250 1878 mandaverit
1274 1849 1309 1875 ut
1334 1842 1532 1885 quicumque
1553 1845 1662 1872 votum
1688 1838 1752 1870 ele·

1004 1900 1122 1932 ctivum
1157 1897 1345 1930 habentium
1371 1894 1511 1938 capitulo
1536 1891 1678 1936 generali
1704 1890 1753 1923 vel

1004 1951 1193 1996 particulari
1231 1948 1446 1994 personaliter
1480 1946 1683 1983 interessent,
1710 1943 1753 1975 ibi

1005 2018 1063 2051 per
1082 2005 1233 2047 sutfragia
1258 2010 1289 2037 et
1320 2003 1420 2042 tahas,
1448 2001 1614 2046 palloctas,
1642 2004 1678 2031 ut
1697 2008 1752 2030 vo-

1006 2067 1091 2098 cant,
1112 2060 1143 2092 in
1162 2058 1269 2102 pixide
1286 2063 1378 2095 tecta,
1392 2066 1449 2088 sua
1468 2055 1622 2097 cuiusque
1655 2063 1753 2085 manu

1007 2125 1072 2147 non
1093 2119 1198 2146 autem
1220 2112 1336 2149 aliena,
1365 2109 1587 2147 immitterent,
1610 2105 1754 2148 alioquin

1007 2168 1097 2201 nulla
1118 2165 1319 2199 immittenda
1348 2175 1404 2196 sua
1434 2168 1506 2195 rota
1539 2160 1752 2194 declararent.

1008 2221 1066 2260 Qui
1091 2231 1166 2253 vero
1187 2220 1334 2251 absentes
1363 2217 1478 2255 forent,
1501 2213 1619 2257 singuli
1636 2213 1669 2245 in
1689 2212 1756 2244 sin-

1009 2275 1092 2318 gulis
1117 2272 1278 2306 schedulis
1298 2272 1345 2303 vel
1374 2269 1530 2303 chartulis
1554 2278 1672 2301 nomen
1697 2267 1755 2300 eli-

1010 2329 1189 2373 gendorum
1206 2327 1238 2358 in
1255 2335 1379 2358 summa
1391 2324 1548 2363 chartula,
1570 2332 1664 2355 suum
1684 2331 1756 2353 vero

1011 2393 1129 2416 nomen
1163 2382 1195 2414 in
1230 2382 1292 2413 ima
1329 2379 1487 2418 chartula,
1523 2376 1756 2414 describerent,

1012 2443 1093 2476 quae
1110 2431 1276 2463 chartulae
1292 2430 1331 2462 ab
1346 2440 1410 2461 una
1426 2432 1515 2471 parte
1531 2425 1756 2469 complicatae,

1013 2482 1053 2514 ita
1069 2481 1317 2522 obsignarentur
1334 2483 1363 2510 et
1384 2476 1635 2510 occluderentur
1653 2479 1688 2506 ut
1703 2472 1760 2505 eli-

1013 2530 1154 2573 gentium
1177 2529 1308 2562 nomina
1328 2538 1344 2559 a
1370 2526 1498 2559 nemine
1527 2533 1661 2568 prorsus
1684 2521 1759 2555 sciri

1013 2584 1157 2623 possent3
1171 2577 1395 2621 eligendorum
1406 2585 1480 2608 vero
1491 2575 1622 2607 nomina
1637 2584 1655 2604 a
1671 2582 1759 2604 seru-

1014 2628 1181 2675 tatoribus,
1216 2627 1302 2661 iuxta
1326 2626 1533 2674 antiquorum
1566 2623 1758 2655 statuturum

1639 215 1702 249 889
1761 233 1813 266 ‘¹⁰-
1834 225 1859 260 ⁴7
1878 253 1943 281 1587
