2059 3228
863 171 966 195 sthttS
985 171 1004 194 v
1023 171 1071 195 rr.
1634 156 1697 191 803
1755 167 1807 196 An.
1823 168 1851 196 c.
1872 167 1939 197 1586

188 223 372 267 praedictae
413 228 520 267 patres
554 224 614 256 sub
653 223 760 258 debita
802 222 943 266 regulari
987 222 1176 255 auctoritate
1201 227 1231 255 et
1252 227 1362 257 tenore
1396 222 1565 268 praefatis,
1590 222 1740 256 concedi-

186 276 390 310 ohservantia
420 288 535 319 magno
566 288 638 311 cum
674 278 781 310 fructu
813 281 941 327 gratum
988 286 1059 308 mus
1079 280 1110 308 ct
1129 276 1316 319 elargimur.

188 329 320 369 domino
338 331 527 364 famulatum
545 336 720 375 praestare,
743 341 798 364 eos
828 330 941 364 condi·
1028 329 1043 371 ,ξ
1078 327 1109 364 st,
1150 327 1361 363 Decet-nentes
1391 330 1568 363 custodiam
1609 330 1736 373 praedi-

186 383 258 425 gnis
279 383 440 417 favoribus
460 395 615 423 exornare
636 385 791 425 volentos,
814 395 939 417 necnon
986 387 1067 414 irtam
1092 382 1122 414 in
1148 383 1344 425 provinciam
1366 384 1411 417 sic
1432 389 1570 417 croc-tam
1597 395 1656 428 pro
1682 385 1735 418 tali
1749 376 1815 429 :2223
1833 377 1932 435 θ’ζξῖἐὲζῇἶ

189 436 370 469 ministrum
392 443 423 470 et
443 439 556 470 l'ratres
577 438 758 481 praedictos
778 443 808 471 et
827 448 940 472 eorum
983 435 1108 476 haberi,
1122 441 1153 469 et
1174 441 1210 468 ut
1226 438 1409 480 praefinitur
1426 438 1493 481 rogi
1510 444 1540 471 et
1559 439 1733 481 gubernari
1748 439 1933 492 flgffxjfflssshffxiff

186 490 364 533 quemlibet
374 501 392 523 a
405 491 572 534 quibusvis
583 491 938 532 excommunicationis,

1807 344 1933 367 provinciali

22 2140 24 2148 ¹
62 2133 157 2178 ,compa
178 2152 308 2194 tatibus,
325 2153 584 2188 immunitatibus
601 2162 633 2189 et
654 2157 924 2200 exemptionibus,

984 488 1137 532 deinceps
1162 489 1297 522 dehere,
1335 501 1460 523 necnon
1495 502 1553 535 pro
1589 497 1734 536 tempore
1748 502 1827 528 cepas.

186 543 413 587 suspensionis
434 551 465 577 et
485 545 645 578 interdicti
666 545 802 588 aliisque
836 546 940 580 eccle-
982 541 1128 575 existenti
1148 541 1251 574 dietae
1271 543 1454 586 provinciae
1466 545 1572 577 Sancti
1589 545 1732 588 Gregorii

982 595 1128 628 ministro
1150 595 1351 639 provinciali,
1375 603 1409 629 ut
1430 603 1491 629 tam
1525 597 1556 630 in
1588 598 1666 641 ipsis
1686 599 1734 632 in-

981 648 1058 681 sulis
1078 648 1271 693 Philippinis
1291 660 1386 692 quam
1412 650 1443 683 in
1465 651 1536 683 aliis
1565 651 1732 695 quibusvis

982 701 1076 735 terris
1100 708 1130 735 et
1146 703 1226 736 loeis
1246 703 1407 737 lndiarum
1429 705 1669 747 praedictarum
1695 717 1732 739 ac

980 766 1153 798 regnorum
1171 757 1253 789 della
1268 757 1376 790 Clu'na
1400 765 1679 802 nuncupatorum,
1701 765 1732 793 et

979 809 1012 842 in
1025 809 1143 853 quibus
1154 811 1320 843 conversio
1336 812 1502 854 gentilium
1519 814 1557 845 ad
1573 813 1669 847 iidem
1681 826 1732 847 ca-

979 862 1131 896 tholicam
1164 864 1333 897 commode
1348 866 1454 898 curari
1477 871 1507 899 et
1524 867 1651 900 tractari
1671 879 1729 912 po-

978 916 1065 956 terit,
1088 927 1184 950 novas
1204 918 1317 950 domos
1342 924 1372 951 et
1392 925 1566 952 conventus
1586 931 1644 964 pro
1665 922 1728 954 sra-

977 969 1079 1002 trihus
1108 970 1183 1004 dicti
1214 970 1341 1004 Ordinis
1375 972 1581 1016 recipiendis,
1609 974 1649 1006 ad
1673 975 1727 1007 Dei

978 1022 1103 1056 laudem
1138 1028 1168 1056 et
1200 1024 1349 1065 gloriam,
1382 1031 1490 1058 nostra
1514 1032 1569 1059 aut,
1592 1027 1725 1060 Romani

977 1075 1139 1110 Pontificis
1163 1078 1211 1109 vel
1233 1078 1472 1111 ordinariorum
1495 1080 1640 1112 locorum
1672 1087 1727 1114 aut

977 1128 1116 1162 cuiusvis
1142 1130 1275 1163 alterius
1309 1131 1438 1164 licentia
1464 1132 1596 1166 minime
1616 1135 1726 1176 requi-

977 1182 1045 1221 sita,
1071 1183 1206 1216 fundare
1232 1190 1262 1217 et
1282 1184 1463 1225 instituere,
1479 1196 1596 1228 eosque
1615 1187 1655 1219 ad
1681 1188 1728 1220 in-

976 1235 1186 1269 habitandum
1212 1238 1370 1281 recipere,
1405 1245 1436 1271 et
1457 1240 1568 1273 tratres
1606 1240 1637 1273 in
1662 1241 1726 1275 illis

976 1289 1182 1323 introducere
1202 1291 1303 1324 libere
1324 1297 1354 1324 et
1374 1291 1458 1325 licite
1489 1294 1601 1334 valeat,
1624 1294 1725 1328 sacul-

975 1347 1071 1375 tatem
1092 1344 1283 1378 auctoritate
1304 1350 1334 1378 et
1359 1351 1468 1379 tenore
1487 1346 1646 1386 similibus
1667 1349 1726 1381 im-

975 1396 1143 1438 partimur.
1177 1397 1222 1430 Ita
1252 1402 1358 1431 tamen
1379 1404 1414 1431 ut
1434 1399 1579 1433 minister
1597 1402 1725 1444 provin-

974 1449 1063 1483 cialis
1083 1450 1267 1494 provinciae
1301 1452 1425 1485 noviter
1452 1459 1577 1487 erectae
1608 1455 1722 1488 huius-

974 1503 1058 1536 iuodi
1073 1514 1091 1536 a
1106 1503 1295 1537 fundatione
1307 1512 1337 1538 et
1352 1505 1553 1539 institutione
1566 1518 1721 1541 novarum

972 1556 1142 1589 domorum
1159 1563 1189 1590 et
1213 1565 1431 1591 conventuum
1450 1560 1481 1592 in
1504 1560 1667 1595 Malacban
1691 1570 1721 1596 et

972 1610 1009 1642 de
1029 1608 1103 1642 Sian
1126 1621 1162 1643 ac
1183 1611 1222 1644 de
1245 1610 1647 1656 Clioebin-Cliinacregnis
1658 1616 1721 1649 sive

973 1663 1143 1706 provinciis
1163 1670 1193 1697 et
1211 1675 1322 1697 eorum
1348 1666 1508 1706 dominiis,
1533 1677 1657 1701 necnon
1687 1669 1719 1702 in

973 1717 1064 1750 terris
1080 1717 1144 1750 illis
1169 1724 1200 1751 et
1218 1719 1299 1751 locis
1320 1719 1451 1762 adquae
1467 1721 1590 1753 dudum
1617 1722 1720 1756 dictus

973 1771 1159 1804 l⁴'1·anciscus
1191 1773 1351 1814 generalis
1388 1773 1535 1806 minister
1564 1776 1718 1817 quosdam

971 1824 1049 1857 alios
1058 1824 1182 1865 fratres,
1197 1826 1293 1858 ctiam
1309 1826 1445 1859 Minores
1463 1828 1502 1860 de
1513 1827 1720 1862 Observantia

972 1878 1151 1920 provinciae
1187 1880 1420 1923 Portugalliae,
1461 1892 1514 1913 seu
1555 1883 1719 1917 custodiae

970 1932 1077 1964 Sancti
1115 1933 1255 1965 Tbomae
1298 1933 1330 1966 in
1365 1933 1462 1967 Indiis
1504 1934 1720 1970 Orientalibus

971 1985 1143 2026 institutae,
1169 1997 1227 2028 pro
1253 1986 1403 2028 erigenda
1429 1987 1490 2020 alia
1514 1989 1659 2022 custodia
1685 1990 1717 2024 in

971 2038 1202 2080 posterioribus
1236 2040 1345 2081 regnis
1380 2051 1433 2072 seu
1474 2041 1647 2083 provinciis
1681 2054 1718 2077 ac

970 2104 1082 2124 eorum
1104 2093 1255 2125 dominiis
1276 2093 1446 2136 praedictis
1481 2095 1634 2128 cuiusuis
1663 2108 1718 2140 pa-

970 2146 1110 2178 tentibus
1130 2146 1242 2178 littoris
1262 2146 1441 2187 destinavit,
1461 2147 1553 2180 cuius
1566 2150 1716 2183 commis-

968 2200 1013 2231 sio
1035 2206 1065 2232 et
1096 2200 1268 2231 auctoritas
1297 2200 1381 2231 salva
1411 2200 1450 2232 sit
1477 2206 1507 2233 vt
1540 2212 1608 2234 esse
1639 2213 1716 2236 cen-

968 2260 1086 2293 seatur,
1109 2253 1241 2285 omniuo
1258 2252 1423 2293 abstineat,
1440 2265 1497 2285 no<-
1519 2254 1549 2286 in
1567 2255 1716 2289 domibus

967 2312 1023 2338 aut
1047 2306 1256 2338 conventibus
1277 2306 1307 2338 in
1330 2306 1454 2339 civitate
1476 2307 1639 2341 Malachau
1660 2316 1716 2343 aut

968 2355 1046 2388 locis
1066 2355 1236 2399 praedictis
1254 2355 1314 2386 iam
1342 2356 1481 2387 fundatis
1501 2362 1532 2389 et
1561 2356 1715 2392 institutis

969 2405 1015 2437 vel
1041 2414 1112 2436 otuu
1132 2401 1282 2436 fratribus
1303 2411 1333 2436 etv
1354 2405 1498 2446 personis
1518 2405 1551 2437 in
1575 2405 1638 2439 illis
1662 2407 1715 2441 de-

967 2453 1114 2495 gentibus
1133 2463 1166 2484 se
1187 2453 1562 2494 uliateuusintromittat,
1579 2455 1715 2489 aliamve

969 2504 999 2534 in
1020 2514 1071 2535 eas
1092 2507 1122 2534 et
1142 2512 1195 2534 eos
1216 2501 1468 2534 iuiisdictionein
1490 2508 1545 2536 aut
1570 2504 1715 2547 superio-

968 2551 1094 2584 ritatem
1116 2561 1263 2584 excrcerc
1288 2557 1484 2594 praesumat.

128 614 136 620 ·
185 595 321 630 siasticis
341 597 519 637 sententiis,
553 599 699 631 censuris
724 604 754 632 et
769 599 895 642 poenis,
922 610 944 632 a.

185 649 256 683 iure
275 650 323 683 vol
340 651 380 684 ab
398 650 540 691 bomine,
560 652 672 695 quavis
692 653 863 686 occasione
890 654 939 686 vel

184 714 281 737 causa
301 704 383 745 latis,
404 704 429 737 si
449 705 567 748 quibus
584 706 829 748 quomodolibet
845 706 938 740 inno-

184 756 249 790 dati
279 757 429 797 existunt,
466 758 505 790 ad
538 758 688 791 efflictum
719 760 937 802 praesentium

183 810 350 844 dumtaxat
386 812 671 854 ‹onsequcndurn‚
707 812 824 846 harum
855 813 937 847 serie

182 863 383 898 absolventes
409 871 440 897 et.
468 865 633 898 absolutos
654 866 722 899 sore
756 872 935 909 consentes,

132 913 139 923 '
184 917 369 951 huiusmodi
391 919 682 962 supplicationibus
702 919 858 962 inclinati,
882 933 937 954 cii-

181 971 319 1006 stodiam
341 973 372 1005 S.
406 972 551 1015 Gregorii
573 973 771 1016 praedictam
797 974 829 1007 in
861 986 936 1018 pro-

182 1025 319 1059 vinciam
334 1026 606 1060 Discalceatorum
620 1027 650 1060 S.
673 1024 818 1071 Gregorii
836 1029 868 1061 in
886 1030 934 1062 in-

181 1078 262 1120 sulis
271 1078 464 1123 Philippinis
483 1080 522 1113 de
543 1085 650 1113 cetero
669 1083 934 1125 nuncupandam,

182 1131 226 1165 ita
248 1132 335 1175 quod
356 1132 508 1176 deinceps
537 1143 593 1176 per
626 1144 729 1167 unum
750 1135 935 1170 ministrum

181 1184 421 1230 provincialem,
442 1185 481 1218 ab
503 1186 603 1229 ipsius
623 1187 806 1230 provinciae
826 1188 933 1222 fratri-

20 1252 21 1259 *
64 1243 68 1246 ’
107 1263 110 1266 -
150 1248 153 1253 ·
179 1237 242 1272 bus
265 1238 297 1271 in
313 1248 426 1272 eorum
447 1239 590 1282 capitulo
609 1240 809 1283 provinciali,
828 1243 866 1275 ad
888 1242 935 1275 in-

180 1297 246 1326 star
274 1292 411 1326 aliarum
438 1293 677 1336 provinciarum
706 1295 849 1328 eiusdem
875 1296 933 1329 Or—

181 1346 291 1387 dinis„
303 1347 501 1389 eligendum,
529 1349 588 1381 suli
609 1348 793 1382 obedientia
825 1355 932 1384 tamen

181 1400 319 1433 ministri
341 1401 501 1443 generalis
522 1401 619 1434 totius
643 1401 769 1434 Ordinis
797 1403 932 1436 fratrum

180 1454 221 1488 dc
239 1453 443 1488 Observantia
459 1454 712 1497 praedictorum,
734 1467 770 1489 ac
784 1458 932 1491 commis-

180 1507 257 1540 sarii
284 1507 444 1550 generalis
473 1507 637 1540 indiarum
667 1508 700 1540 in
733 1510 828 1548 curia⁴
849 1512 932 1554 regis

180 1560 336 1605 praedicti
364 1571 423 1604 pro
448 1565 594 1604 tempore
626 1562 806 1603 residenffi,
836 1571 932 1609 atque

181 1624 293 1647 eorum
327 1614 624 1647 commissariorum
655 1615 694 1647 ad
733 1617 929 1659 praedictam

181 1662 378 1706 provinciam
403 1663 587 1706 specialiter
615 1664 845 1707 deputatorum
873 1679 929 1702 seu

179 1709 452 1756 deputandorum,
490 1718 586 1756 prout
606 1719 680 1745 sunt
708 1720 737 1746 et
771 1716 853 1749 aliae
877 1727 929 1750 ea-

180 1762 325 1795 rumdem
346 1761 487 1805 partium
508 1761 701 1805 provinciae,
722 1764 788 1805 regi
809 1770 839 1797 et
870 1776 929 1808 gu-

179 1809 308 1843 bernari
343 1810 471 1851 debeat,
494 1812 692 1844 'auctoritate
730 1814 927 1857 apostolica,

180 1863 290 1892 tenore
323 1860 555 1903 praesentium,
593 1861 746 1903 erigimus
777 1868 808 1894 et
844 1863 929 1897 insti-

180 1907 310 1941 tuimus.
879 1930 893 1939 ⁹

223 1956 288 2000 §3
319 1956 494 2001 Dictaeque
518 1958 563 1991 sic
592 1965 717 1992 erectae
746 1960 928 2003 provinciae

23 2047 25 2050 Α
56 2001 166 2058 »Ρῗῡέἒξ
179 2005 332 2055 illiusque
347 2016 406 2049 pro
419 2011 564 2051 tempore
574 2008 722 2041 existenti
738 2010 928 2052 provinciali

52 2069 73 2084 a<
115 2073 166 2095 ..i-0-
179 2055 326 2089 ministro
351 2061 382 2089 et
405 2056 541 2099 singulis
564 2058 729 2099 fratribus,
762 2066 797 2092 ut
827 2061 927 2093 omni-

177 2103 239 2137 hus
258 2110 290 2138 et
305 2105 566 2150 quibuscumque
586 2108 760 2151 privilegiis
781 2115 811 2142 et
826 2110 927 2143 facul-

177 2201 394 2244 libertatibus,
411 2204 582 2246 favoribus,
596 2206 706 2247 gratiis
717 2212 748 2239 et
758 2207 927 2251 indulgen-

179 2250 244 2292 tiis,
257 2251 351 2285 etiam
363 2252 598 2296 spiritualibus,
611 2255 728 2297 quihus
744 2261 867 2290 ceterae
877 2258 926 2290 di-

179 2299 221 2333 cti
233 2299 360 2333 Ordinis
374 2301 558 2344 pi‘ovincire,
569 2303 724 2336 hactenus
735 2304 869 2339 ubilibet
877 2306 925 2340 in-

179 2349 307 2382 stitutae
326 2356 358 2383 ct
382 2349 561 2392 existentes,
583 2362 759 2396 carumque
789 2355 925 2389 ministri

179 2398 392 2441 provinciales
403 2405 433 2432 et
450 2399 566 2443 singuli
584 2400 708 2442 fratres,
723 2407 787 2435 tam
807 2404 845 2437 de
857 2405 926 2439 iure

180 2457 276 2490 quam
295 2449 528 2482 consuetudine
545 2455 600 2482 aut
622 2450 699 2483 alias
723 2453 926 2494 quomodoli-

180 2494 233 2528 bet
260 2500 405 2537 utuntur,
430 2497 599 2540 potiuntur
628 2504 657 2531 et
685 2499 837 2542 gaudent,
864 2503 923 2544 uti,

180 2543 276 2588 potiri
300 2551 331 2578 et
349 2547 489 2589 gaudere
511 2547 609 2581 libere
635 2554 665 2581 et
685 2549 770 2582 licite
787 2550 923 2593 valeant,
