2059 3228
168 314 360 356 decretaque
389 322 447 355 por
470 312 572 344 bonae
598 311 773 344 memoriae
793 311 908 343 lulium

166 366 361 402 cardinalem
383 365 421 398 de
441 365 562 398 Urbino
583 370 804 408 nuncupatum
831 374 909 397 con-

108 455 115 463 ,
166 420 230 454 dita
249 424 281 453 et
304 419 384 452 sacta
404 419 443 451 ab
469 419 514 451 eis
542 418 660 451 servari
687 419 836 458 debeant;
873 428 909 449 ac

165 482 345 517 pauperum
383 478 575 516 procurator
603 478 634 505 et
671 470 909 504 communitatis

166 526 255 559 nullo
273 525 388 565 modo,
408 525 544 558 duranto
569 525 637 559 cius
665 524 789 563 officio,
811 523 910 567 possit

165 583 221 612 aut
253 578 354 611 valeat
393 578 514 621 aliquid
551 578 678 621 penitus
709 588 727 610 a
760 575 910 620 pauperi-

165 631 225 665 bus
247 631 403 675 recipere,
416 631 511 663 etiam
531 641 550 664 a
569 636 683 674 sponte
703 630 779 662 dare
798 629 907 661 volen-

166 684 261 724 tibus,
287 683 341 717 sed
361 694 420 727 pro
441 684 504 716 illis
529 689 675 716 teneatur
687 683 819 715 omnino
839 692 909 725 gra-

166 737 204 771 tis
222 736 329 771 omnia
358 737 463 771 facere
494 742 524 770 et
549 746 742 781 procurare,
770 735 908 778 exceptis

165 790 452 825 commestibilibus
469 817 476 831 ‚
526 800 608 834 quae
645 789 753 822 triduo
791 799 908 821 consu-

115 886 120 890 .
161 848 307 876 -muntur.

75 940 78 942 Ι
207 894 273 939 §9-
312 895 479 929 Postremo
497 922 505 936 ,
531 894 617 938 quod
650 904 820 938 processus
843 904 908 926 non

62 952 79 985 fl
125 949 332 994 ¹‘portentur
351 948 391 982 ad
417 948 614 981 audientiam
645 957 704 991 per
723 947 808 990 ipsos
836 957 909 990 pro-

36 997 39 999 ’
56 994 57 1002 ’
73 1028 85 1034 .
102 986 151 1040 ,355
163 1006 339 1041 curatores,
355 1001 410 1035 sed
421 1011 479 1044 per
491 1000 644 1040 notarios,
655 1005 769 1033 ettunc
781 999 907 1032 nonnisi

59 1085 83 1102 Ι
162 1054 252 1088 alteri
269 1054 472 1098 procuratori
493 1053 524 1085 id
541 1052 723 1086 intimatum
739 1052 847 1092 suerit,
869 1052 908 1085 ad

59 1106 85 1157 *J
101 1118 111 1136 ν
163 1107 224 1141 hoc
250 1110 288 1139 ut
314 1106 413 1150 possit
438 1106 633 1145 informare,
665 1111 695 1138 et
724 1110 906 1149 postremo,

62 1154 83 1171 '⁵
162 1160 248 1204 quod
263 1160 303 1193 de
315 1155 394 1204 sty'lo
409 1159 502 1199 fides,
517 1159 577 1192 nisi
598 1158 820 1202 collegialiter,
838 1158 909 1191 sieri
928 1143 930 1184 Ι

162 1214 281 1253 valeat,
302 1212 439 1257 proutin
458 1212 592 1246 diversis
606 1212 745 1256 desuper
755 1211 908 1245 consectis

159 1266 330 1311 scripturis
346 1266 472 1310 plenius
493 1266 689 1299 continetur.

82 1361 88 1368 .
205 1319 293 1363 §10.
315 1319 394 1353 Cum
414 1325 533 1359 autem,
556 1318 638 1351 sicut
658 1318 770 1351 eadem
783 1317 910 1361 exposi-

109 1373 152 1426 nl:
163 1371 207 1409 tio
226 1371 453 1415 subiungebat,
473 1371 627 1411 decanus,
647 1371 860 1404 vicedecanus
880 1377 911 1404 et

165 1430 391 1469 procuratores
402 1425 558 1468 praedicti
578 1424 710 1467 cupiant
727 1424 909 1456 institutum

163 1478 239 1512 dicti
259 1477 388 1521 collegii
408 1489 445 1511 ac
464 1483 582 1510 statuta
597 1483 628 1510 et
648 1477 709 1510 alia
722 1476 908 1520 praemissa,

163 1542 247 1575 quae
261 1531 420 1565 adiversis
439 1531 543 1564 dictae
563 1530 698 1563 civitatis
718 1530 911 1573 gubernato-

163 1585 253 1618 ribus
282 1584 472 1618 confirmata
505 1585 636 1618 suerunt
652 1610 658 1623 ,
690 1594 748 1627 pro
780 1582 910 1616 illorum

164 1638 388 1678 subsistentia,
408 1643 518 1671 nostra
537 1648 574 1670 ac
593 1637 681 1669 Sedis
710 1635 910 1680 Apostolicae

165 1690 410 1724 confirmatione
431 1690 589 1730 roborari,
612 1700 669 1733 pro
687 1695 777 1733 parte
798 1699 909 1721 eorum

164 1743 257 1777 nobis
275 1743 335 1777 suit
366 1743 533 1776 humiliter
556 1742 774 1786 supplicatum
797 1748 910 1785 quate-

164 1807 226 1830 nus
248 1806 363 1830 eorum
382 1796 543 1830 desiderio
563 1796 596 1828 in
612 1794 795 1839 praemissis
809 1805 913 1827 annu-

165 1851 226 1882 ert?
238 1849 278 1883 de
287 1849 484 1892 benignitate
494 1849 669 1893 apostolica
680 1847 889 1891 dignaremur
902 1859 910 1887 ;

166 1912 226 1936 nos
238 1902 349 1946 igitur,
365 1903 533 1942 decanum,
548 1902 775 1935 vicedecanum
793 1911 830 1934 ac
841 1911 913 1944 pro-

167 1962 333 1989 curatores
343 1956 525 1999 praedictos
534 1966 552 1988 a
560 1954 724 1998 quibusvis
731 1965 913 1987 excommu-

165 2008 349 2049 nicationis,
366 2009 586 2053 suspensionis
605 2014 636 2041 et
654 2007 814 2041 interdicti
829 2007 915 2040 aliis-

775 258 951 283 annnorum
970 259 1022 281 xm
1045 259 1092 282 ΡΡ.

1589 248 1644 283 301

951 309 1104 342 Perusino
1136 313 1166 342 et
1191 309 1389 343 Amerinensi
1411 310 1632 354 episcopis‚ac

949 363 1032 395 lecto
1053 361 1120 395 lilio
1138 369 1308 395 causarum
1321 363 1433 396 Curiae
1444 364 1596 404 Gamerae
1611 366 1694 408 Apo*

949 415 1078 447 stolicae
1103 415 1245 457 generali
1271 416 1407 448 auditori
1430 428 1487 460 per
1512 424 1696 460 praesentes

949 467 1182 500 committimus
1197 473 1227 500 et
1243 469 1433 501 mandai‘nus
1455 476 1616 513 quatenus
1635 470 1696 515 ipsi

949 521 997 553 vel
1022 521 1087 553 duo
1107 526 1162 553 aut
1177 531 1261 554 unus
1285 531 1410 560 eorum,
1440 532 1495 565 per
1515 533 1547 556 se
1566 524 1615 556 vel
1636 523 1695 556 ali-

949 585 1002 606 um
1028 584 1084 606 seu
1104 574 1194 614 alios,
1218 580 1401 617 praesentes
1418 576 1537 609 litteras
1557 582 1587 609 et
1607 577 1696 609 ineis

949 632 1099 659 contenta
1111 638 1350 670 quaecumque,
1364 628 1418 660 ubi
1432 635 1459 660 et
1473 630 1602 672 quando
1613 640 1695 674 opus

950 679 1056 719 suerit,
1079 684 1109 712 et
1129 679 1257 723 quoties
1276 690 1335 723 pro
1355 686 1445 724 parte
1466 682 1589 722 decani,
1615 684 1696 716 vice-

949 733 1061 766 decani
1082 739 1113 766 et
1128 733 1368 777 praedictorum
1381 741 1627 777 procuratorum
1648 737 1696 769 su-

949 785 1033 818 erint
1058 786 1222 828 requisiti,
1253 786 1441 819 solemniter
1474 788 1693 830 publicantes,

949 838 1074 882 illisque
1092 838 1124 871 in
1145 839 1328 882 praemissis
1349 839 1487 872 efficacis
1503 840 1695 875 defensionis

949 891 1108 935 praesidio
1128 892 1328 932 assistentes,
1360 892 1479 926 faciant
1507 895 1695 928 auctoritate

949 950 1057 977 nostra
1093 944 1277 988 praemissis
1305 946 1456 978 omnibus
1484 950 1515 979 et
1550 946 1694 989 singulis,

949 998 1035 1030 iuxta
1059 998 1277 1041 praesentium
1303 998 1533 1032 continentiam
1558 1005 1588 1033 et
1606 1006 1697 1034 teno-

949 1061 1029 1091 rem,
1052 1051 1186 1094 pacitice
1210 1051 1273 1084 srui
1298 1057 1328 1084 et
1351 1052 1493 1094 gaudere
1511 1079 1518 1093 ,
1541 1060 1605 1086 non
1626 1065 1698 1097 per-

950 1104 1112 1137 mittentes
1146 1114 1200 1137 eos
1220 1104 1360 1149 desuper
1383 1116 1401 1138 a
1421 1116 1585 1148 quoquam
1615 1118 1696 1150 quo—

950 1157 1125 1190 modolibet
1145 1157 1286 1191 indebite
1306 1158 1480 1191 molestari.
1512 1158 1698 1193 Contradic-

950 1215 1034 1243 tores
1059 1210 1221 1253 quoslibet
1238 1221 1275 1243 ac
1294 1211 1430 1244 rebelles
1460 1216 1491 1244 et
1514 1213 1698 1255 praemissis

949 1274 1014 1296 non
1038 1269 1199 1307 parentes,
1218 1275 1276 1307 per
1292 1264 1476 1305 sententias,
1496 1276 1647 1299 censuras
1667 1273 1699 1299 et

949 1327 1070 1360 poenas
1098 1317 1331 1351 ecclesiasticas
1363 1318 1490 1362 aliaque
1516 1324 1699 1363 opportuna

949 1370 1029 1403 iuris
1049 1376 1080 1404 et
1099 1371 1172 1404 sacti
1206 1371 1359 1411 remedia,
1379 1372 1595 1415 appellatione
1614 1379 1700 1417 post-

950 1424 1073 1467 posita,
1097 1424 1350 1468 compescendo,
1371 1425 1516 1458 invocato
1543 1426 1639 1458 etiam
1660 1427 1698 1459 ad

951 1477 1011 1509 hoc
1025 1504 1032 1517 ,
1056 1476 1080 1509 si
1099 1487 1182 1521 opus
1201 1477 1300 1511 fuerit
1313 1504 1321 1518 ‚
1344 1478 1463 1511 auxilio
1483 1478 1608 1512 brachii
1628 1490 1698 1512 sae-

951 1530 1081 1562 cularis.

995 1583 1009 1626 ξ
1028 1583 1082 1616 1⁶2.
1109 1583 1179 1616 Non
1199 1583 1399 1616 obstantibus
1427 1584 1529 1617 felicis
1548 1585 1698 1619 recorda-

950 1636 1047 1668 tionis
1066 1636 1223 1669 Bonisacii
1242 1637 1346 1679 Papae
1367 1636 1443 1676 VIII,
1472 1639 1699 1681 praedecesso-

950 1689 994 1722 ris
1018 1689 1131 1729 nostri,
1154 1689 1192 1722 de
1225 1700 1302 1730 una,
1325 1695 1355 1722 et
1386 1690 1514 1723 concilii
1542 1691 1699 1733 generalis

951 1742 990 1774 de
1010 1741 1135 1775 duabus
1154 1742 1280 1783 diaetis,
1302 1743 1479 1776 dummodo
1500 1743 1570 1787 quis
1592 1744 1699 1786 rigore

950 1795 1148 1838 prasentium
1169 1795 1208 1828 ad
1238 1795 1397 1828 iudiCium
1424 1796 1508 1829 ultra
1533 1802 1597 1829 tres
1616 1798 1700 1830 diae-

950 1854 997 1881 tas
1017 1859 1082 1881 non
1110 1849 1275 1889 trahatur,
1302 1849 1436 1893 aliisque
1466 1850 1700 1882 constitutioni-

951 1902 1010 1935 bus
1022 1907 1052 1935 et
1064 1902 1319 1935 ordinationibus
1332 1902 1528 1946 apostolicis3
1546 1914 1582 1936 ac
1597 1903 1699 1936 dictae

952 1955 1089 1988 civitatis
1110 1961 1140 1988 et
1161 1955 1300 1988 aliorum
1309 1955 1520 1998 collegiorum
1541 1956 1698 1996 eiusdem,

952 2008 1047 2040 etiam
1068 2008 1261 2048 iuramento,
1285 2008 1529 2041 confirmatione
1549 2008 1700 2052 apostoli-

167 2072 231 2105 que
254 2061 477 2095 ecclesiasticis
504 2061 670 2094 sententiis
684 2087 691 2100 ,
719 2060 863 2093 censuris
882 2066 915 2093 et
953 2071 989 2093 ca
1009 2061 1057 2093 vel
1077 2061 1188 2104 quavis
1207 2061 1358 2094 firmitate
1374 2061 1615 2100 aliaroboratis,
1638 2067 1700 2093 sta-

167 2115 292 2159 poenis,
310 2125 329 2148 a
348 2115 419 2148 iure
438 2116 486 2147 vel
506 2115 545 2147 ab
565 2114 707 2153 homine,
727 2114 838 2157 quavis
858 2124 913 2146 oc·
953 2113 1030 2145 tutis
1050 2118 1081 2146 et
1101 2113 1405 2151 consuetudinibus3
1427 2112 1598 2156 privilegiis
1619 2124 1700 2156 quo-

167 2167 298 2201 casione
307 2167 357 2200 vel
373 2178 480 2208 causa,
502 2167 584 2207 latis,
605 2166 759 2210 siquibus
775 2177 913 2210 quomo·
932 2174 934 2196 ὲ
954 2177 1028 2209 que,
1050 2166 1183 2200 indultis
1202 2172 1232 2199 et
1251 2166 1365 2199 litteris
1384 2166 1566 2209 apostolicis
1579 2167 1700 2209 populo

167 2220 290 2254 dolibet
300 2220 443 2253 innodati
452 2220 604 2260 existunt,
615 2220 654 2252 ad
666 2220 814 2252 effectum
823 2230 914 2263 prae-

167 2273 308 2307 sentium
319 2274 485 2306 dumtaxat
500 2272 777 2316 consequendum,
797 2273 912 2304 harum
934 2289 935 2293 =

168 2326 252 2359 serie
289 2325 487 2358 absolventes
507 2331 538 2358 et
560 2325 723 2358 absolutos
754 2325 821 2358 sore
842 2335 915 2358 cen-

168 2383 285 2419 sentes,
306 2378 493 2411 huiusmodi
513 2378 804 2421 supplicationibus
820 2378 914 2410 incli-

170 2431 250 2473 nati,
272 2430 508 2464 institutionem
543 2430 681 2472 collegii,
707 2441 741 2463 ar
785 2430 915 2463 decreta

172 2483 204 2512 et
221 2479 440 2512 ordinationes
459 2489 496 2511 ac
515 2478 771 2517 constitutiones,
789 2483 916 2521 aposto-

171 2526 234 2560 lica
252 2527 456 2567 auctoritate,
478 2532 589 2559 tenore
608 2526 840 2570 praesentium,
861 2536 916 2569 ap-

174 2576 347 2618 probamus
366 2582 397 2609 et
421 2575 662 2608 confirmamus.

955 2220 1058 2252 dictae
1083 2219 1218 2252 civitatis
1237 2220 1286 2252 vel
1315 2218 1386 2251 aliis
1407 2218 1549 2261 collegiis
1574 2220 1700 2262 praedi-

955 2272 1029 2312 ctis,
1052 2273 1110 2305 sub
1127 2272 1386 2315 quibuscumque
1407 2271 1573 2304 tenoribus
1584 2277 1615 2304 et
1639 2273 1702 2305 sor-

955 2325 1025 2366 mis,
1046 2335 1082 2357 ac
1103 2335 1176 2357 cum
1199 2324 1380 2367 quibusvis,
1411 2323 1505 2356 etiam
1534 2323 1702 2367 derogato-

955 2378 1076 2410 riarum
1089 2376 1300 2419 derogatoriis
1313 2376 1448 2419 aliisque
1467 2376 1702 2410 efficacioribus

956 2437 985 2464 ct
995 2431 1140 2470 insolitis,
1149 2429 1309 2469 clausulis,
1317 2428 1581 2472 irritantibusque
1594 2435 1623 2463 et
1632 2431 1701 2462 aliis

956 2479 1111 2519 decretis,
1134 2478 1165 2510 in
1191 2488 1307 2520 genere
1327 2477 1375 2509 vet
1401 2477 1434 2509 in
1455 2477 1561 2520 specie
1575 2504 1582 2518 ,
1605 2478 1700 2511 etiam

956 2533 1047 2561 motu
1068 2526 1200 2571 proprio
1220 2537 1257 2559 ac
1293 2525 1557 2559 consistorialiter
1575 2532 1606 2559 et
1625 2528 1702 2559 alias

956 2577 989 2609 in
1015 2575 1214 2610 contrarium
1244 2575 1488 2618 quomodolibet
1521 2577 1697 2613 concessis„

215 2624 231 2667 ἓ
251 2624 304 2657 11.
325 2624 482 2663 Quocirca
499 2622 734 2657 venerabilibus
764 2622 916 2655 fratribus
933 2639 938 2673 Ι
955 2624 1140 2669 approbatis
1161 2630 1191 2657 et
1209 2623 1378 2665 innovatis,
1400 2624 1517 2668 quibus
1538 2625 1697 2663 omnibu„

1703 244 1751 268 An.
1773 242 1800 267 (“.
1827 241 1893 267 1579

1748 299 1893 323 benign-ntur

1651 312 1693 342 1¹2·
1704 329 1841 347 executores.

1783 1569 1900 1593 Dexogatio

1718 1597 1885 1617 contrariorum.
