<?xml version="1.0" encoding="UTF-8"?>
<!DOCTYPE html PUBLIC "-//W3C//DTD XHTML 1.0 Transitional//EN"
    "http://www.w3.org/TR/xhtml1/DTD/xhtml1-transitional.dtd">
<html xmlns="http://www.w3.org/1999/xhtml" xml:lang="en" lang="en">
 <head>
  <title>
</title>
<meta http-equiv="Content-Type" content="text/html;charset=utf-8" />
  <meta name='ocr-system' content='tesseract 3.04.00' />
  <meta name='ocr-capabilities' content='ocr_page ocr_carea ocr_par ocr_line ocrx_word'/>
</head>
<body>
  <div class='ocr_page' id='page_1' title='image "./bullarumdiplomat08cath_0432.png"; bbox 0 0 2059 3228; ppageno 0'>
   <div class='ocr_carea' id='block_1_1' title="bbox 109 232 305 264">
    <p class='ocr_par' dir='ltr' id='par_1_1' title="bbox 109 232 305 264">
     <span class='ocr_line' id='line_1_1' title="bbox 109 232 305 264; baseline -0.01 0"><span class='ocrx_word' id='word_1_1' title='bbox 109 232 174 264; x_wconf 67' lang='grc' dir='ltr'>,Αιι</span> <span class='ocrx_word' id='word_1_2' title='bbox 191 232 220 261; x_wconf 87' lang='lat' dir='ltr'>C.</span> <span class='ocrx_word' id='word_1_3' title='bbox 237 234 305 262; x_wconf 57' lang='lat'>1583</span> 
     </span>
    </p>
   </div>
   <div class='ocr_carea' id='block_1_2' title="bbox 123 1254 310 1528">
    <p class='ocr_par' dir='ltr' id='par_1_2' title="bbox 123 1254 310 1528">
     <span class='ocr_line' id='line_1_2' title="bbox 147 1254 306 1277; baseline -0.019 0"><span class='ocrx_word' id='word_1_4' title='bbox 147 1254 267 1277; x_wconf 66' lang='lat' dir='ltr'>&#39;rubentes</span> <span class='ocrx_word' id='word_1_5' title='bbox 281 1254 306 1274; x_wconf 79' lang='lat' dir='ltr'>ad</span> 
     </span>
     <span class='ocr_line' id='line_1_3' title="bbox 123 1285 305 1307; baseline -0.005 -1"><span class='ocrx_word' id='word_1_6' title='bbox 123 1285 243 1307; x_wconf 75' lang='lat' dir='ltr'>saecularia</span> <span class='ocrx_word' id='word_1_7' title='bbox 267 1286 305 1305; x_wconf 84' lang='lat' dir='ltr'>tri—</span> 
     </span>
     <span class='ocr_line' id='line_1_4' title="bbox 123 1316 307 1343; baseline -0.005 -6"><span class='ocrx_word' id='word_1_8' title='bbox 123 1316 209 1337; x_wconf 73' lang='lat' dir='ltr'>bunalia</span> <span class='ocrx_word' id='word_1_9' title='bbox 223 1319 307 1343; x_wconf 71' lang='lat' dir='ltr'>praeter</span> 
     </span>
     <span class='ocr_line' id='line_1_5' title="bbox 124 1347 307 1373; baseline -0.016 -4"><span class='ocrx_word' id='word_1_10' title='bbox 124 1348 177 1370; x_wconf 80' lang='lat' dir='ltr'>turis</span> <span class='ocrx_word' id='word_1_11' title='bbox 185 1347 307 1373; x_wconf 79' lang='lat' dir='ltr'>dispositio-</span> 
     </span>
     <span class='ocr_line' id='line_1_6' title="bbox 125 1383 307 1405; baseline -0.011 -5"><span class='ocrx_word' id='word_1_12' title='bbox 125 1384 174 1400; x_wconf 76' lang='lat' dir='ltr'>nem</span> <span class='ocrx_word' id='word_1_13' title='bbox 204 1383 307 1405; x_wconf 77' lang='lat' dir='ltr'>personas</span> 
     </span>
     <span class='ocr_line' id='line_1_7' title="bbox 125 1410 285 1431; baseline -0.006 0"><span class='ocrx_word' id='word_1_14' title='bbox 125 1410 285 1431; x_wconf 72' lang='lat' dir='ltr'>ecclesiasticas</span> 
     </span>
     <span class='ocr_line' id='line_1_8' title="bbox 124 1441 310 1462; baseline -0.005 0"><span class='ocrx_word' id='word_1_15' title='bbox 124 1441 159 1462; x_wconf 80' lang='lat' dir='ltr'>vel</span> <span class='ocrx_word' id='word_1_16' title='bbox 175 1441 310 1462; x_wconf 74' lang='lat' dir='ltr'>ecclesiasti-</span> 
     </span>
     <span class='ocr_line' id='line_1_9' title="bbox 124 1472 307 1493; baseline 0 -1"><span class='ocrx_word' id='word_1_17' title='bbox 124 1478 170 1493; x_wconf 71' lang='lat' dir='ltr'>cam</span> <span class='ocrx_word' id='word_1_18' title='bbox 186 1472 307 1492; x_wconf 74' lang='lat' dir='ltr'>hbertatem</span> 
     </span>
     <span class='ocr_line' id='line_1_10' title="bbox 125 1502 247 1528; baseline 0 -5"><span class='ocrx_word' id='word_1_19' title='bbox 125 1502 247 1528; x_wconf 78' lang='lat' dir='ltr'>laedentes;</span> 
     </span>
    </p>
   </div>
   <div class='ocr_carea' id='block_1_3' title="bbox 362 224 425 257">
    <p class='ocr_par' dir='ltr' id='par_1_3' title="bbox 362 224 425 257">
     <span class='ocr_line' id='line_1_11' title="bbox 362 224 425 257; baseline 0 0"><span class='ocrx_word' id='word_1_20' title='bbox 362 224 398 257; x_wconf 69' lang='lat' dir='ltr'>lii</span> <span class='ocrx_word' id='word_1_21' title='bbox 406 224 425 257; x_wconf 77' lang='lat' dir='ltr'>G</span> 
     </span>
    </p>
   </div>
   <div class='ocr_carea' id='block_1_4' title="bbox 318 280 1851 325">
    <p class='ocr_par' dir='ltr' id='par_1_4' title="bbox 318 280 1851 325">
     <span class='ocr_line' id='line_1_12' title="bbox 318 280 1851 325; baseline -0.003 -6"><span class='ocrx_word' id='word_1_22' title='bbox 318 286 394 319; x_wconf 76' lang='lat' dir='ltr'>dun·</span> <span class='ocrx_word' id='word_1_23' title='bbox 417 284 581 318; x_wconf 66' lang='lat' dir='ltr'>citationes</span> <span class='ocrx_word' id='word_1_24' title='bbox 604 282 652 316; x_wconf 84' lang='lat' dir='ltr'>vel</span> <span class='ocrx_word' id='word_1_25' title='bbox 674 280 882 315; x_wconf 72' lang='lat' dir='ltr'>inhibitiones</span> <span class='ocrx_word' id='word_1_26' title='bbox 911 287 965 314; x_wconf 79' lang='lat' dir='ltr'>aut</span> <span class='ocrx_word' id='word_1_27' title='bbox 985 282 1062 315; x_wconf 85' lang='lat' dir='ltr'>alias</span> <span class='ocrx_word' id='word_1_28' title='bbox 1080 283 1085 302; x_wconf 73' lang='lat'>³</span> <span class='ocrx_word' id='word_1_29' title='bbox 1104 281 1263 325; x_wconf 80' lang='lat' dir='ltr'>praelatos</span> <span class='ocrx_word' id='word_1_30' title='bbox 1283 285 1313 313; x_wconf 91' lang='lat' dir='ltr'>et</span> <span class='ocrx_word' id='word_1_31' title='bbox 1331 290 1445 315; x_wconf 85' lang='lat' dir='ltr'>ornnes</span> <span class='ocrx_word' id='word_1_32' title='bbox 1464 280 1544 315; x_wconf 84' lang='lat' dir='ltr'>alios</span> <span class='ocrx_word' id='word_1_33' title='bbox 1562 290 1785 325; x_wconf 78' lang='lat' dir='ltr'>quoscumque</span> <span class='ocrx_word' id='word_1_34' title='bbox 1801 280 1851 314; x_wconf 83' lang='lat' dir='ltr'>iu-</span> 
     </span>
    </p>
   </div>
   <div class='ocr_carea' id='block_1_5' title="bbox 908 229 1258 254">
    <p class='ocr_par' dir='ltr' id='par_1_5' title="bbox 908 229 1258 254">
     <span class='ocr_line' id='line_1_13' title="bbox 908 229 1258 254; baseline -0.003 -1"><span class='ocrx_word' id='word_1_35' title='bbox 908 229 1087 254; x_wconf 51' lang='lat' dir='ltr'>m&#39;mnmwtt</span> <span class='ocrx_word' id='word_1_36' title='bbox 1107 229 1258 253; x_wconf 64' lang='lat' dir='ltr'>mmmm</span> 
     </span>
    </p>
   </div>
   <div class='ocr_carea' id='block_1_6' title="bbox 1886 0 2059 311">
    <p class='ocr_par' dir='ltr' id='par_1_6' title="bbox 1886 0 2059 311">
     <span class='ocr_line' id='line_1_14' title="bbox 1886 0 2059 311; baseline 0 2917"><span class='ocrx_word' id='word_1_37' title='bbox 1886 0 2059 311; x_wconf 95' lang='lat' dir='ltr'> </span> 
     </span>
    </p>
   </div>
   <div class='ocr_carea' id='block_1_7' title="bbox 318 333 2059 377">
    <p class='ocr_par' dir='ltr' id='par_1_7' title="bbox 318 333 2059 377">
     <span class='ocr_line' id='line_1_15' title="bbox 318 333 2059 377; baseline -0.003 -6"><span class='ocrx_word' id='word_1_38' title='bbox 318 339 439 372; x_wconf 73' lang='lat' dir='ltr'>litteras</span> <span class='ocrx_word' id='word_1_39' title='bbox 458 338 491 370; x_wconf 90' lang='lat' dir='ltr'>in</span> <span class='ocrx_word' id='word_1_40' title='bbox 511 337 556 370; x_wconf 86' lang='lat' dir='ltr'>eis</span> <span class='ocrx_word' id='word_1_41' title='bbox 580 336 736 375; x_wconf 68' lang='lat' dir='ltr'>decretas,</span> <span class='ocrx_word' id='word_1_42' title='bbox 767 335 855 368; x_wconf 91' lang='lat' dir='ltr'>etad</span> <span class='ocrx_word' id='word_1_43' title='bbox 880 335 1061 369; x_wconf 76' lang='lat' dir='ltr'>faciendum</span> <span class='ocrx_word' id='word_1_44' title='bbox 1103 335 1190 367; x_wconf 70' lang='lat' dir='ltr'>ilices</span> <span class='ocrx_word' id='word_1_45' title='bbox 1209 333 1443 367; x_wconf 79' lang='lat' dir='ltr'>ecclesiasticus</span> <span class='ocrx_word' id='word_1_46' title='bbox 1471 333 1654 367; x_wconf 77' lang='lat' dir='ltr'>ordinarius</span> <span class='ocrx_word' id='word_1_47' title='bbox 1671 334 1957 377; x_wconf 54' lang='lat' dir='ltr'>quomodo-,ffl2</span> <span class='ocrx_word' id='word_1_48' title='bbox 2000 342 2005 345; x_wconf 81' lang='grc'><strong><em>’</em></strong></span> <span class='ocrx_word' id='word_1_49' title='bbox 2058 337 2059 345; x_wconf 74' lang='grc'>’</span> 
     </span>
    </p>
   </div>
   <div class='ocr_carea' id='block_1_8' title="bbox 301 390 1078 2417">
    <p class='ocr_par' dir='ltr' id='par_1_8' title="bbox 317 390 1066 1184">
     <span class='ocr_line' id='line_1_16' title="bbox 317 390 1061 433; baseline -0.005 -8"><span class='ocrx_word' id='word_1_50' title='bbox 317 392 364 425; x_wconf 89' lang='lat' dir='ltr'>vel</span> <span class='ocrx_word' id='word_1_51' title='bbox 390 390 659 425; x_wconf 87' lang='lat' dir='ltr'>consentiendum</span> <span class='ocrx_word' id='word_1_52' title='bbox 689 399 756 430; x_wconf 85' lang='lat' dir='ltr'>eos,</span> <span class='ocrx_word' id='word_1_53' title='bbox 775 394 887 422; x_wconf 85' lang='lat' dir='ltr'>contra</span> <span class='ocrx_word' id='word_1_54' title='bbox 911 399 991 433; x_wconf 84' lang='lat' dir='ltr'>quos</span> <span class='ocrx_word' id='word_1_55' title='bbox 1015 395 1061 422; x_wconf 82' lang='lat' dir='ltr'>ta—</span> 
     </span>
     <span class='ocr_line' id='line_1_17' title="bbox 317 443 1063 483; baseline -0.004 -5"><span class='ocrx_word' id='word_1_56' title='bbox 317 446 363 478; x_wconf 83' lang='lat' dir='ltr'>les</span> <span class='ocrx_word' id='word_1_57' title='bbox 383 444 594 477; x_wconf 80' lang='lat' dir='ltr'>inhibitiones</span> <span class='ocrx_word' id='word_1_58' title='bbox 617 449 820 483; x_wconf 87' lang='lat' dir='ltr'>emanarunt,</span> <span class='ocrx_word' id='word_1_59' title='bbox 837 453 855 476; x_wconf 89' lang='lat' dir='ltr'>a</span> <span class='ocrx_word' id='word_1_60' title='bbox 871 443 1018 476; x_wconf 84' lang='lat' dir='ltr'>censuris</span> <span class='ocrx_word' id='word_1_61' title='bbox 1033 447 1063 475; x_wconf 87' lang='lat' dir='ltr'>et</span> 
     </span>
     <span class='ocr_line' id='line_1_18' title="bbox 317 496 1062 542; baseline -0.004 -10"><span class='ocrx_word' id='word_1_62' title='bbox 317 498 428 542; x_wconf 89' lang='lat' dir='ltr'>poenis</span> <span class='ocrx_word' id='word_1_63' title='bbox 446 497 479 530; x_wconf 90' lang='lat' dir='ltr'>in</span> <span class='ocrx_word' id='word_1_64' title='bbox 500 497 564 529; x_wconf 87' lang='lat' dir='ltr'>illis</span> <span class='ocrx_word' id='word_1_65' title='bbox 583 497 744 531; x_wconf 90' lang='lat' dir='ltr'>contentis</span> <span class='ocrx_word' id='word_1_66' title='bbox 767 496 899 537; x_wconf 82' lang='lat' dir='ltr'>absolvi,</span> <span class='ocrx_word' id='word_1_67' title='bbox 922 507 980 540; x_wconf 83' lang='lat' dir='ltr'>per</span> <span class='ocrx_word' id='word_1_68' title='bbox 999 502 1062 529; x_wconf 81' lang='lat' dir='ltr'>sta-</span> 
     </span>
     <span class='ocr_line' id='line_1_19' title="bbox 318 550 1065 594; baseline -0.001 -10"><span class='ocrx_word' id='word_1_69' title='bbox 318 558 421 584; x_wconf 74' lang='lat' dir='ltr'>tutum</span> <span class='ocrx_word' id='word_1_70' title='bbox 442 551 489 584; x_wconf 78' lang='lat' dir='ltr'>vel</span> <span class='ocrx_word' id='word_1_71' title='bbox 511 550 589 584; x_wconf 87' lang='lat' dir='ltr'>alias</span> <span class='ocrx_word' id='word_1_72' title='bbox 608 551 819 594; x_wconf 85' lang='lat' dir='ltr'>compellunt,</span> <span class='ocrx_word' id='word_1_73' title='bbox 835 550 884 584; x_wconf 79' lang='lat' dir='ltr'>vel</span> <span class='ocrx_word' id='word_1_74' title='bbox 904 550 1065 583; x_wconf 81' lang='lat' dir='ltr'>executio-</span> 
     </span>
     <span class='ocr_line' id='line_1_20' title="bbox 318 603 1065 648; baseline -0.001 -11"><span class='ocrx_word' id='word_1_75' title='bbox 318 615 390 638; x_wconf 91' lang='lat' dir='ltr'>nem</span> <span class='ocrx_word' id='word_1_76' title='bbox 412 604 593 637; x_wconf 83' lang='lat' dir='ltr'>litterarum</span> <span class='ocrx_word' id='word_1_77' title='bbox 616 603 867 648; x_wconf 73' lang='lat' dir='ltr'>apostolicarum</span> <span class='ocrx_word' id='word_1_78' title='bbox 904 614 959 636; x_wconf 84' lang='lat' dir='ltr'>seu</span> <span class='ocrx_word' id='word_1_79' title='bbox 994 613 1065 636; x_wconf 82' lang='lat' dir='ltr'>exe-</span> 
     </span>
     <span class='ocr_line' id='line_1_21' title="bbox 318 657 1062 701; baseline -0.001 -11"><span class='ocrx_word' id='word_1_80' title='bbox 318 657 536 697; x_wconf 80' lang='lat' dir='ltr'>cutoiialium‚</span> <span class='ocrx_word' id='word_1_81' title='bbox 558 667 768 701; x_wconf 80' lang='lat' dir='ltr'>processuum</span> <span class='ocrx_word' id='word_1_82' title='bbox 797 667 835 690; x_wconf 85' lang='lat' dir='ltr'>ac</span> <span class='ocrx_word' id='word_1_83' title='bbox 859 657 1062 690; x_wconf 82' lang='lat' dir='ltr'>decretorum</span> 
     </span>
     <span class='ocr_line' id='line_1_22' title="bbox 318 710 1062 755; baseline -0.001 -12"><span class='ocrx_word' id='word_1_84' title='bbox 318 711 559 755; x_wconf 83' lang='lat' dir='ltr'>praedictorum</span> <span class='ocrx_word' id='word_1_85' title='bbox 591 710 837 754; x_wconf 81' lang='lat' dir='ltr'>quomodolibet</span> <span class='ocrx_word' id='word_1_86' title='bbox 869 710 1062 754; x_wconf 80' lang='lat' dir='ltr'>impediunt,</span> 
     </span>
     <span class='ocr_line' id='line_1_23' title="bbox 317 758 1063 805; baseline -0.003 -7"><span class='ocrx_word' id='word_1_87' title='bbox 317 765 366 798; x_wconf 88' lang='lat' dir='ltr'>vel</span> <span class='ocrx_word' id='word_1_88' title='bbox 382 758 482 798; x_wconf 48' lang='lat' dir='ltr'>‘suum</span> <span class='ocrx_word' id='word_1_89' title='bbox 501 764 541 797; x_wconf 87' lang='lat' dir='ltr'>ad</span> <span class='ocrx_word' id='word_1_90' title='bbox 561 764 594 797; x_wconf 87' lang='lat' dir='ltr'>id</span> <span class='ocrx_word' id='word_1_91' title='bbox 623 765 777 805; x_wconf 83' lang='lat' dir='ltr'>savorem,</span> <span class='ocrx_word' id='word_1_92' title='bbox 799 764 971 797; x_wconf 86' lang='lat' dir='ltr'>consilium</span> <span class='ocrx_word' id='word_1_93' title='bbox 1010 769 1063 797; x_wconf 91' lang='lat' dir='ltr'>aut</span> 
     </span>
     <span class='ocr_line' id='line_1_24' title="bbox 317 818 1064 863; baseline -0.001 -12"><span class='ocrx_word' id='word_1_94' title='bbox 317 828 481 852; x_wconf 79' lang='lat' dir='ltr'>assensum</span> <span class='ocrx_word' id='word_1_95' title='bbox 497 823 672 863; x_wconf 76' lang='lat' dir='ltr'>praestant,</span> <span class='ocrx_word' id='word_1_96' title='bbox 694 818 801 856; x_wconf 69' lang='lat' dir='ltr'>etiam</span> <span class='ocrx_word' id='word_1_97' title='bbox 809 823 976 862; x_wconf 77' lang='lat' dir='ltr'>praetextu</span> <span class='ocrx_word' id='word_1_98' title='bbox 995 818 1064 851; x_wconf 73' lang='lat' dir='ltr'>vio-</span> 
     </span>
     <span class='ocr_line' id='line_1_25' title="bbox 317 871 1064 916; baseline -0.001 -11"><span class='ocrx_word' id='word_1_99' title='bbox 317 872 435 906; x_wconf 89' lang='lat' dir='ltr'>lentiae</span> <span class='ocrx_word' id='word_1_100' title='bbox 453 872 675 916; x_wconf 68' lang='lat' dir='ltr'>prohibendae</span> <span class='ocrx_word' id='word_1_101' title='bbox 693 872 744 905; x_wconf 83' lang='lat' dir='ltr'>vel</span> <span class='ocrx_word' id='word_1_102' title='bbox 767 871 904 905; x_wconf 80' lang='lat' dir='ltr'>aliarum</span> <span class='ocrx_word' id='word_1_103' title='bbox 914 876 1064 915; x_wconf 88' lang='lat' dir='ltr'>praeten-</span> 
     </span>
     <span class='ocr_line' id='line_1_26' title="bbox 318 924 1066 969; baseline -0.003 -10"><span class='ocrx_word' id='word_1_104' title='bbox 318 926 459 967; x_wconf 88' lang='lat' dir='ltr'>sionum,</span> <span class='ocrx_word' id='word_1_105' title='bbox 481 934 538 960; x_wconf 85' lang='lat' dir='ltr'>seu</span> <span class='ocrx_word' id='word_1_106' title='bbox 558 926 655 960; x_wconf 86' lang='lat' dir='ltr'>etiam</span> <span class='ocrx_word' id='word_1_107' title='bbox 675 925 778 959; x_wconf 88' lang='lat' dir='ltr'>donec</span> <span class='ocrx_word' id='word_1_108' title='bbox 798 925 860 969; x_wconf 86' lang='lat' dir='ltr'>ipsi</span> <span class='ocrx_word' id='word_1_109' title='bbox 880 925 920 958; x_wconf 85' lang='lat' dir='ltr'>ad</span> <span class='ocrx_word' id='word_1_110' title='bbox 940 935 998 958; x_wconf 89' lang='lat' dir='ltr'>nos</span> <span class='ocrx_word' id='word_1_111' title='bbox 1018 924 1066 957; x_wconf 88' lang='lat' dir='ltr'>in-</span> 
     </span>
     <span class='ocr_line' id='line_1_27' title="bbox 318 978 1065 1023; baseline -0.004 -9"><span class='ocrx_word' id='word_1_112' title='bbox 318 979 516 1021; x_wconf 83' lang='lat' dir='ltr'>formandos,</span> <span class='ocrx_word' id='word_1_113' title='bbox 537 985 573 1014; x_wconf 91' lang='lat' dir='ltr'>ut</span> <span class='ocrx_word' id='word_1_114' title='bbox 593 980 716 1020; x_wconf 88' lang='lat' dir='ltr'>dicunt,</span> <span class='ocrx_word' id='word_1_115' title='bbox 738 978 990 1023; x_wconf 79' lang='lat' dir='ltr'>supplicaverint</span> <span class='ocrx_word' id='word_1_116' title='bbox 1011 984 1065 1011; x_wconf 86' lang='lat' dir='ltr'>aut</span> 
     </span>
     <span class='ocr_line' id='line_1_28' title="bbox 318 1033 1066 1078; baseline -0.003 -11"><span class='ocrx_word' id='word_1_117' title='bbox 318 1034 496 1078; x_wconf 87' lang='lat' dir='ltr'>supplicari</span> <span class='ocrx_word' id='word_1_118' title='bbox 529 1034 676 1074; x_wconf 84' lang='lat' dir='ltr'>fecerint,</span> <span class='ocrx_word' id='word_1_119' title='bbox 715 1033 777 1066; x_wconf 87' lang='lat' dir='ltr'>nisi</span> <span class='ocrx_word' id='word_1_120' title='bbox 812 1033 1066 1076; x_wconf 83' lang='lat' dir='ltr'>supplicationes</span> 
     </span>
     <span class='ocr_line' id='line_1_29' title="bbox 319 1086 1065 1130; baseline -0.001 -10"><span class='ocrx_word' id='word_1_121' title='bbox 319 1087 505 1120; x_wconf 86' lang='lat' dir='ltr'>huiusmodi</span> <span class='ocrx_word' id='word_1_122' title='bbox 526 1097 636 1120; x_wconf 89' lang='lat' dir='ltr'>coram</span> <span class='ocrx_word' id='word_1_123' title='bbox 655 1086 748 1120; x_wconf 86' lang='lat' dir='ltr'>nobis</span> <span class='ocrx_word' id='word_1_124' title='bbox 769 1091 800 1119; x_wconf 89' lang='lat' dir='ltr'>et</span> <span class='ocrx_word' id='word_1_125' title='bbox 819 1086 899 1120; x_wconf 84' lang='lat' dir='ltr'>Sede</span> <span class='ocrx_word' id='word_1_126' title='bbox 930 1087 1065 1130; x_wconf 85' lang='lat' dir='ltr'>Aposto-</span> 
     </span>
     <span class='ocr_line' id='line_1_30' title="bbox 319 1140 812 1184; baseline -0.002 -11"><span class='ocrx_word' id='word_1_127' title='bbox 319 1141 381 1173; x_wconf 87' lang='lat' dir='ltr'>lica</span> <span class='ocrx_word' id='word_1_128' title='bbox 400 1140 541 1183; x_wconf 77' lang='lat' dir='ltr'>legitime</span> <span class='ocrx_word' id='word_1_129' title='bbox 561 1145 812 1184; x_wconf 81' lang='lat' dir='ltr'>prosequantur.</span> 
     </span>
    </p>

    <p class='ocr_par' dir='ltr' id='par_1_9' title="bbox 301 1192 1078 2417">
     <span class='ocr_line' id='line_1_31' title="bbox 365 1192 1066 1238; baseline -0.001 -12"><span class='ocrx_word' id='word_1_130' title='bbox 365 1195 380 1238; x_wconf 65' lang='lat' dir='ltr'>g</span> <span class='ocrx_word' id='word_1_131' title='bbox 401 1193 452 1228; x_wconf 81' lang='lat'>15.</span> <span class='ocrx_word' id='word_1_132' title='bbox 476 1194 585 1234; x_wconf 82' lang='lat' dir='ltr'>Quive,</span> <span class='ocrx_word' id='word_1_133' title='bbox 605 1204 643 1226; x_wconf 74' lang='lat' dir='ltr'>ex</span> <span class='ocrx_word' id='word_1_134' title='bbox 662 1203 776 1226; x_wconf 85' lang='lat' dir='ltr'>eorum</span> <span class='ocrx_word' id='word_1_135' title='bbox 795 1198 966 1237; x_wconf 86' lang='lat' dir='ltr'>praetenso</span> <span class='ocrx_word' id='word_1_136' title='bbox 995 1192 1066 1226; x_wconf 77' lang='lat' dir='ltr'>offi-</span> 
     </span>
     <span class='ocr_line' id='line_1_32' title="bbox 321 1246 1065 1290; baseline -0.003 -10"><span class='ocrx_word' id='word_1_137' title='bbox 321 1248 382 1288; x_wconf 92' lang='lat' dir='ltr'>cio,</span> <span class='ocrx_word' id='word_1_138' title='bbox 402 1247 450 1280; x_wconf 89' lang='lat' dir='ltr'>vel</span> <span class='ocrx_word' id='word_1_139' title='bbox 470 1247 510 1280; x_wconf 90' lang='lat' dir='ltr'>ad</span> <span class='ocrx_word' id='word_1_140' title='bbox 533 1247 718 1280; x_wconf 85' lang='lat' dir='ltr'>instantiam</span> <span class='ocrx_word' id='word_1_141' title='bbox 739 1246 838 1290; x_wconf 85' lang='lat' dir='ltr'>partis</span> <span class='ocrx_word' id='word_1_142' title='bbox 857 1251 913 1279; x_wconf 89' lang='lat' dir='ltr'>aut</span> <span class='ocrx_word' id='word_1_143' title='bbox 928 1246 1065 1279; x_wconf 84' lang='lat' dir='ltr'>aliorum</span> 
     </span>
     <span class='ocr_line' id='line_1_33' title="bbox 321 1299 1064 1345; baseline -0.001 -12"><span class='ocrx_word' id='word_1_144' title='bbox 321 1311 614 1345; x_wconf 85' lang='lat' dir='ltr'>quorumcumque,</span> <span class='ocrx_word' id='word_1_145' title='bbox 637 1310 791 1345; x_wconf 80' lang='lat' dir='ltr'>personas</span> <span class='ocrx_word' id='word_1_146' title='bbox 820 1299 1064 1341; x_wconf 79' lang='lat' dir='ltr'>ecclesiasticas,</span> 
     </span>
     <span class='ocr_line' id='line_1_34' title="bbox 321 1352 1067 1399; baseline -0.003 -12"><span class='ocrx_word' id='word_1_147' title='bbox 321 1354 474 1399; x_wconf 82' lang='lat' dir='ltr'>capitula,</span> <span class='ocrx_word' id='word_1_148' title='bbox 496 1359 670 1388; x_wconf 77' lang='lat' dir='ltr'>conventus</span> <span class='ocrx_word' id='word_1_149' title='bbox 700 1359 730 1387; x_wconf 87' lang='lat' dir='ltr'>et</span> <span class='ocrx_word' id='word_1_150' title='bbox 761 1352 897 1396; x_wconf 84' lang='lat' dir='ltr'>collegia</span> <span class='ocrx_word' id='word_1_151' title='bbox 916 1352 1067 1386; x_wconf 88' lang='lat' dir='ltr'>ecclesia-</span> 
     </span>
     <span class='ocr_line' id='line_1_35' title="bbox 301 1407 1067 1452; baseline -0.001 -11"><span class='ocrx_word' id='word_1_152' title='bbox 301 1419 394 1441; x_wconf 83' lang='lat' dir='ltr'>·rurn</span> <span class='ocrx_word' id='word_1_153' title='bbox 414 1417 692 1452; x_wconf 86' lang='lat' dir='ltr'>quarumcumque</span> <span class='ocrx_word' id='word_1_154' title='bbox 712 1417 822 1440; x_wconf 85' lang='lat' dir='ltr'>coram</span> <span class='ocrx_word' id='word_1_155' title='bbox 841 1417 875 1440; x_wconf 89' lang='lat' dir='ltr'>se</span> <span class='ocrx_word' id='word_1_156' title='bbox 906 1407 946 1440; x_wconf 85' lang='lat' dir='ltr'>ad</span> <span class='ocrx_word' id='word_1_157' title='bbox 973 1417 1067 1440; x_wconf 88' lang='lat' dir='ltr'>suum</span> 
     </span>
     <span class='ocr_line' id='line_1_36' title="bbox 323 1461 1068 1502; baseline -0.001 -7"><span class='ocrx_word' id='word_1_158' title='bbox 323 1462 476 1502; x_wconf 83' lang='lat' dir='ltr'>tribunal,</span> <span class='ocrx_word' id='word_1_159' title='bbox 498 1461 706 1502; x_wconf 79' lang='lat' dir='ltr'>audientiam,</span> <span class='ocrx_word' id='word_1_160' title='bbox 728 1461 968 1502; x_wconf 83' lang='lat' dir='ltr'>cancellariam,</span> <span class='ocrx_word' id='word_1_161' title='bbox 990 1472 1068 1495; x_wconf 85' lang='lat' dir='ltr'>con-</span> 
     </span>
     <span class='ocr_line' id='line_1_37' title="bbox 321 1514 1067 1558; baseline 0 -10"><span class='ocrx_word' id='word_1_162' title='bbox 321 1516 429 1549; x_wconf 85' lang='lat' dir='ltr'>silium</span> <span class='ocrx_word' id='word_1_163' title='bbox 449 1515 496 1548; x_wconf 87' lang='lat' dir='ltr'>vel</span> <span class='ocrx_word' id='word_1_164' title='bbox 516 1515 767 1558; x_wconf 83' lang='lat' dir='ltr'>parlamentum,</span> <span class='ocrx_word' id='word_1_165' title='bbox 781 1520 908 1558; x_wconf 86' lang='lat' dir='ltr'>praeter</span> <span class='ocrx_word' id='word_1_166' title='bbox 927 1514 1008 1548; x_wconf 87' lang='lat' dir='ltr'>iuris</span> <span class='ocrx_word' id='word_1_167' title='bbox 1019 1526 1067 1548; x_wconf 87' lang='lat' dir='ltr'>ca-</span> 
     </span>
     <span class='ocr_line' id='line_1_38' title="bbox 321 1568 1069 1613; baseline -0.001 -11"><span class='ocrx_word' id='word_1_168' title='bbox 321 1569 430 1603; x_wconf 82' lang='lat' dir='ltr'>nonici</span> <span class='ocrx_word' id='word_1_169' title='bbox 449 1568 712 1613; x_wconf 88' lang='lat' dir='ltr'>dispositionem,</span> <span class='ocrx_word' id='word_1_170' title='bbox 749 1569 882 1601; x_wconf 86' lang='lat' dir='ltr'>trahunt</span> <span class='ocrx_word' id='word_1_171' title='bbox 913 1569 961 1602; x_wconf 72' lang='lat' dir='ltr'>vel</span> <span class='ocrx_word' id='word_1_172' title='bbox 986 1568 1069 1602; x_wconf 84' lang='lat' dir='ltr'>trahi</span> 
     </span>
     <span class='ocr_line' id='line_1_39' title="bbox 324 1622 1070 1667; baseline -0.001 -11"><span class='ocrx_word' id='word_1_173' title='bbox 324 1623 444 1657; x_wconf 76' lang='lat' dir='ltr'>faciunt</span> <span class='ocrx_word' id='word_1_174' title='bbox 463 1623 511 1656; x_wconf 91' lang='lat' dir='ltr'>vel</span> <span class='ocrx_word' id='word_1_175' title='bbox 530 1628 720 1667; x_wconf 88' lang='lat' dir='ltr'>procurant,</span> <span class='ocrx_word' id='word_1_176' title='bbox 742 1622 864 1656; x_wconf 76' lang='lat' dir='ltr'>directe</span> <span class='ocrx_word' id='word_1_177' title='bbox 882 1623 932 1656; x_wconf 89' lang='lat' dir='ltr'>vel</span> <span class='ocrx_word' id='word_1_178' title='bbox 951 1622 1070 1656; x_wconf 87' lang='lat' dir='ltr'>indire-</span> 
     </span>
     <span class='ocr_line' id='line_1_40' title="bbox 324 1670 1070 1721; baseline -0.003 -11"><span class='ocrx_word' id='word_1_179' title='bbox 324 1682 385 1717; x_wconf 87' lang='lat' dir='ltr'>cte,</span> <span class='ocrx_word' id='word_1_180' title='bbox 407 1676 517 1721; x_wconf 81' lang='lat' dir='ltr'>quovis</span> <span class='ocrx_word' id='word_1_181' title='bbox 543 1676 687 1720; x_wconf 86' lang='lat' dir='ltr'>quaesito</span> <span class='ocrx_word' id='word_1_182' title='bbox 711 1676 833 1710; x_wconf 88' lang='lat' dir='ltr'>colore.</span> <span class='ocrx_word' id='word_1_183' title='bbox 858 1670 990 1710; x_wconf 84' lang='lat' dir='ltr'>Necnon</span> <span class='ocrx_word' id='word_1_184' title='bbox 1015 1675 1070 1720; x_wconf 89' lang='lat' dir='ltr'>qui</span> 
     </span>
     <span class='ocr_line' id='line_1_41' title="bbox 323 1729 1072 1774; baseline 0 -11"><span class='ocrx_word' id='word_1_185' title='bbox 323 1736 452 1771; x_wconf 85' lang='lat' dir='ltr'>statuta,</span> <span class='ocrx_word' id='word_1_186' title='bbox 467 1729 697 1770; x_wconf 81' lang='lat' dir='ltr'>ordinationes,</span> <span class='ocrx_word' id='word_1_187' title='bbox 711 1729 967 1770; x_wconf 78' lang='lat' dir='ltr'>constitutiones,</span> <span class='ocrx_word' id='word_1_188' title='bbox 977 1740 1072 1774; x_wconf 84' lang='lat' dir='ltr'>prag-</span> 
     </span>
     <span class='ocr_line' id='line_1_42' title="bbox 326 1783 1072 1827; baseline 0 -10"><span class='ocrx_word' id='word_1_189' title='bbox 326 1784 457 1817; x_wconf 80' lang='lat' dir='ltr'>maticas</span> <span class='ocrx_word' id='word_1_190' title='bbox 475 1793 533 1817; x_wconf 89' lang='lat' dir='ltr'>seu</span> <span class='ocrx_word' id='word_1_191' title='bbox 557 1783 686 1827; x_wconf 58' lang='lat' dir='ltr'>quafflxis</span> <span class='ocrx_word' id='word_1_192' title='bbox 705 1783 768 1816; x_wconf 85' lang='lat' dir='ltr'>alia</span> <span class='ocrx_word' id='word_1_193' title='bbox 786 1783 927 1824; x_wconf 87' lang='lat' dir='ltr'>decreta,</span> <span class='ocrx_word' id='word_1_194' title='bbox 954 1784 987 1816; x_wconf 91' lang='lat' dir='ltr'>in</span> <span class='ocrx_word' id='word_1_195' title='bbox 1019 1793 1072 1827; x_wconf 79' lang='lat' dir='ltr'>ge-</span> 
     </span>
     <span class='ocr_line' id='line_1_43' title="bbox 325 1837 1072 1882; baseline -0.003 -10"><span class='ocrx_word' id='word_1_196' title='bbox 325 1849 401 1872; x_wconf 82' lang='lat' dir='ltr'>nere</span> <span class='ocrx_word' id='word_1_197' title='bbox 420 1838 470 1872; x_wconf 83' lang='lat' dir='ltr'>vel</span> <span class='ocrx_word' id='word_1_198' title='bbox 506 1837 540 1871; x_wconf 94' lang='lat' dir='ltr'>in</span> <span class='ocrx_word' id='word_1_199' title='bbox 572 1837 690 1882; x_wconf 89' lang='lat' dir='ltr'>specie,</span> <span class='ocrx_word' id='word_1_200' title='bbox 710 1848 747 1870; x_wconf 73' lang='lat' dir='ltr'>ex</span> <span class='ocrx_word' id='word_1_201' title='bbox 772 1837 881 1880; x_wconf 84' lang='lat' dir='ltr'>quavis</span> <span class='ocrx_word' id='word_1_202' title='bbox 915 1848 1008 1870; x_wconf 84' lang='lat' dir='ltr'>eausa</span> <span class='ocrx_word' id='word_1_203' title='bbox 1042 1843 1072 1870; x_wconf 90' lang='lat' dir='ltr'>et</span> 
     </span>
     <span class='ocr_line' id='line_1_44' title="bbox 325 1892 1072 1936; baseline 0 -12"><span class='ocrx_word' id='word_1_204' title='bbox 325 1892 435 1936; x_wconf 74' lang='lat' dir='ltr'>quovis</span> <span class='ocrx_word' id='word_1_205' title='bbox 451 1892 596 1936; x_wconf 83' lang='lat' dir='ltr'>quaesito</span> <span class='ocrx_word' id='word_1_206' title='bbox 613 1892 732 1933; x_wconf 90' lang='lat' dir='ltr'>colore,</span> <span class='ocrx_word' id='word_1_207' title='bbox 747 1902 784 1925; x_wconf 89' lang='lat' dir='ltr'>ac</span> <span class='ocrx_word' id='word_1_208' title='bbox 794 1892 890 1924; x_wconf 83' lang='lat' dir='ltr'>etiam</span> <span class='ocrx_word' id='word_1_209' title='bbox 906 1896 1072 1935; x_wconf 74' lang='lat' dir='ltr'>praetextu</span> 
     </span>
     <span class='ocr_line' id='line_1_45' title="bbox 326 1945 1071 1990; baseline -0.001 -11"><span class='ocrx_word' id='word_1_210' title='bbox 326 1946 504 1979; x_wconf 84' lang='lat' dir='ltr'>litterarum</span> <span class='ocrx_word' id='word_1_211' title='bbox 536 1945 788 1990; x_wconf 86' lang='lat' dir='ltr'>apostolicarum</span> <span class='ocrx_word' id='word_1_212' title='bbox 816 1955 877 1978; x_wconf 91' lang='lat' dir='ltr'>usu</span> <span class='ocrx_word' id='word_1_213' title='bbox 897 1955 962 1978; x_wconf 89' lang='lat' dir='ltr'>non</span> <span class='ocrx_word' id='word_1_214' title='bbox 982 1955 1071 1978; x_wconf 87' lang='lat' dir='ltr'>rece-</span> 
     </span>
     <span class='ocr_line' id='line_1_46' title="bbox 327 1996 1074 2045; baseline -0.001 -12"><span class='ocrx_word' id='word_1_215' title='bbox 327 2006 455 2045; x_wconf 83' lang='lat' dir='ltr'>ptarum</span> <span class='ocrx_word' id='word_1_216' title='bbox 488 2010 545 2033; x_wconf 92' lang='lat' dir='ltr'>seu</span> <span class='ocrx_word' id='word_1_217' title='bbox 582 2005 818 2039; x_wconf 66' lang='lat' dir='ltr'>revocaturum,</span> <span class='ocrx_word' id='word_1_218' title='bbox 852 1999 900 2032; x_wconf 84' lang='lat' dir='ltr'>vel</span> <span class='ocrx_word' id='word_1_219' title='bbox 934 1996 1074 2032; x_wconf 75' lang='lat' dir='ltr'>cuiusvis</span> 
     </span>
     <span class='ocr_line' id='line_1_47' title="bbox 329 2052 1071 2097; baseline -0.001 -11"><span class='ocrx_word' id='word_1_220' title='bbox 329 2052 571 2087; x_wconf 80' lang='lat' dir='ltr'>consuetudinis</span> <span class='ocrx_word' id='word_1_221' title='bbox 589 2058 643 2086; x_wconf 84' lang='lat' dir='ltr'>aut</span> <span class='ocrx_word' id='word_1_222' title='bbox 664 2052 823 2097; x_wconf 84' lang='lat' dir='ltr'>privilegii</span> <span class='ocrx_word' id='word_1_223' title='bbox 838 2052 885 2085; x_wconf 89' lang='lat' dir='ltr'>vel</span> <span class='ocrx_word' id='word_1_224' title='bbox 904 2052 982 2085; x_wconf 87' lang='lat' dir='ltr'>alias</span> <span class='ocrx_word' id='word_1_225' title='bbox 996 2060 1071 2095; x_wconf 87' lang='lat' dir='ltr'>quo-</span> 
     </span>
     <span class='ocr_line' id='line_1_48' title="bbox 330 2105 1075 2149; baseline -0.003 -9"><span class='ocrx_word' id='word_1_226' title='bbox 330 2107 514 2148; x_wconf 84' lang='lat' dir='ltr'>modolibet,</span> <span class='ocrx_word' id='word_1_227' title='bbox 534 2107 681 2148; x_wconf 80' lang='lat' dir='ltr'>fecerint,</span> <span class='ocrx_word' id='word_1_228' title='bbox 693 2105 912 2139; x_wconf 84' lang='lat' dir='ltr'>ordinaverint</span> <span class='ocrx_word' id='word_1_229' title='bbox 925 2111 955 2139; x_wconf 88' lang='lat' dir='ltr'>et</span> <span class='ocrx_word' id='word_1_230' title='bbox 970 2105 1075 2149; x_wconf 86' lang='lat' dir='ltr'>publi-</span> 
     </span>
     <span class='ocr_line' id='line_1_49' title="bbox 330 2157 1076 2200; baseline -0.001 -8"><span class='ocrx_word' id='word_1_231' title='bbox 330 2159 480 2200; x_wconf 81' lang='lat' dir='ltr'>caverint,</span> <span class='ocrx_word' id='word_1_232' title='bbox 500 2160 549 2194; x_wconf 78' lang='lat' dir='ltr'>vel</span> <span class='ocrx_word' id='word_1_233' title='bbox 569 2160 659 2193; x_wconf 89' lang='lat' dir='ltr'>sactis</span> <span class='ocrx_word' id='word_1_234' title='bbox 686 2165 717 2193; x_wconf 89' lang='lat' dir='ltr'>et</span> <span class='ocrx_word' id='word_1_235' title='bbox 751 2158 904 2192; x_wconf 86' lang='lat' dir='ltr'>ordinatis</span> <span class='ocrx_word' id='word_1_236' title='bbox 936 2158 985 2192; x_wconf 88' lang='lat' dir='ltr'>usi</span> <span class='ocrx_word' id='word_1_237' title='bbox 1009 2157 1076 2192; x_wconf 78' lang='lat' dir='ltr'>sue-</span> 
     </span>
     <span class='ocr_line' id='line_1_50' title="bbox 331 2212 1073 2253; baseline -0.001 -8"><span class='ocrx_word' id='word_1_238' title='bbox 331 2213 404 2253; x_wconf 85' lang='lat' dir='ltr'>rint,</span> <span class='ocrx_word' id='word_1_239' title='bbox 424 2213 509 2246; x_wconf 91' lang='lat' dir='ltr'>unde</span> <span class='ocrx_word' id='word_1_240' title='bbox 534 2213 665 2246; x_wconf 86' lang='lat' dir='ltr'>libertas</span> <span class='ocrx_word' id='word_1_241' title='bbox 697 2212 913 2246; x_wconf 84' lang='lat' dir='ltr'>ecclesiastica</span> <span class='ocrx_word' id='word_1_242' title='bbox 935 2212 1073 2252; x_wconf 85' lang='lat' dir='ltr'>tollitur,</span> 
     </span>
     <span class='ocr_line' id='line_1_51' title="bbox 331 2266 1077 2310; baseline -0.001 -11"><span class='ocrx_word' id='word_1_243' title='bbox 331 2276 387 2299; x_wconf 85' lang='lat' dir='ltr'>seu</span> <span class='ocrx_word' id='word_1_244' title='bbox 407 2266 440 2299; x_wconf 90' lang='lat' dir='ltr'>in</span> <span class='ocrx_word' id='word_1_245' title='bbox 459 2267 568 2310; x_wconf 87' lang='lat' dir='ltr'>aliquo</span> <span class='ocrx_word' id='word_1_246' title='bbox 583 2267 721 2300; x_wconf 87' lang='lat' dir='ltr'>laeditur</span> <span class='ocrx_word' id='word_1_247' title='bbox 739 2267 788 2300; x_wconf 80' lang='lat' dir='ltr'>vel</span> <span class='ocrx_word' id='word_1_248' title='bbox 812 2266 1006 2309; x_wconf 76' lang='lat' dir='ltr'>deprimitur</span> <span class='ocrx_word' id='word_1_249' title='bbox 1023 2271 1077 2299; x_wconf 91' lang='lat' dir='ltr'>aut</span> 
     </span>
     <span class='ocr_line' id='line_1_52' title="bbox 333 2319 1077 2364; baseline 0.001 -13"><span class='ocrx_word' id='word_1_250' title='bbox 333 2319 410 2352; x_wconf 83' lang='lat' dir='ltr'>alias</span> <span class='ocrx_word' id='word_1_251' title='bbox 427 2320 656 2363; x_wconf 83' lang='lat' dir='ltr'>quovismodo</span> <span class='ocrx_word' id='word_1_252' title='bbox 689 2320 905 2364; x_wconf 80' lang='lat' dir='ltr'>restringitur,</span> <span class='ocrx_word' id='word_1_253' title='bbox 932 2330 989 2353; x_wconf 91' lang='lat' dir='ltr'>seu</span> <span class='ocrx_word' id='word_1_254' title='bbox 1016 2329 1077 2352; x_wconf 92' lang='lat' dir='ltr'>no-</span> 
     </span>
     <span class='ocr_line' id='line_1_53' title="bbox 333 2372 1078 2417; baseline 0.001 -13"><span class='ocrx_word' id='word_1_255' title='bbox 333 2372 405 2404; x_wconf 86' lang='lat' dir='ltr'>stris</span> <span class='ocrx_word' id='word_1_256' title='bbox 429 2378 459 2405; x_wconf 87' lang='lat' dir='ltr'>et</span> <span class='ocrx_word' id='word_1_257' title='bbox 483 2373 585 2407; x_wconf 87' lang='lat' dir='ltr'>dictae</span> <span class='ocrx_word' id='word_1_258' title='bbox 618 2373 709 2407; x_wconf 89' lang='lat' dir='ltr'>Sedis</span> <span class='ocrx_word' id='word_1_259' title='bbox 740 2385 778 2407; x_wconf 84' lang='lat' dir='ltr'>ac</span> <span class='ocrx_word' id='word_1_260' title='bbox 798 2382 1078 2417; x_wconf 86' lang='lat' dir='ltr'>quarumcumque</span> 
     </span>
    </p>
   </div>
   <div class='ocr_carea' id='block_1_9' title="bbox 333 2425 1082 2667">
    <p class='ocr_par' dir='ltr' id='par_1_10' title="bbox 333 2425 1080 2555">
     <span class='ocr_line' id='line_1_54' title="bbox 333 2425 1078 2472; baseline 0 -14"><span class='ocrx_word' id='word_1_261' title='bbox 333 2425 540 2459; x_wconf 86' lang='lat' dir='ltr'>ecclesiarum</span> <span class='ocrx_word' id='word_1_262' title='bbox 560 2427 685 2461; x_wconf 90' lang='lat' dir='ltr'>iuribus</span> <span class='ocrx_word' id='word_1_263' title='bbox 695 2427 946 2472; x_wconf 88' lang='lat' dir='ltr'>quomodolibet,</span> <span class='ocrx_word' id='word_1_264' title='bbox 959 2426 1078 2459; x_wconf 86' lang='lat' dir='ltr'>directe</span> 
     </span>
     <span class='ocr_line' id='line_1_55' title="bbox 333 2474 1080 2521; baseline 0.001 -15"><span class='ocrx_word' id='word_1_265' title='bbox 333 2474 381 2506; x_wconf 78' lang='lat' dir='ltr'>vel</span> <span class='ocrx_word' id='word_1_266' title='bbox 389 2474 558 2517; x_wconf 85' lang='lat' dir='ltr'>indirecte,</span> <span class='ocrx_word' id='word_1_267' title='bbox 569 2476 726 2520; x_wconf 53' lang='lat' dir='ltr'>taciteyel</span> <span class='ocrx_word' id='word_1_268' title='bbox 742 2487 902 2521; x_wconf 82' lang='lat' dir='ltr'>expresse,</span> <span class='ocrx_word' id='word_1_269' title='bbox 916 2474 1080 2520; x_wconf 88' lang='lat' dir='ltr'>praeiudi-</span> 
     </span>
     <span class='ocr_line' id='line_1_56' title="bbox 334 2527 435 2555; baseline 0 0"><span class='ocrx_word' id='word_1_270' title='bbox 334 2527 435 2555; x_wconf 83' lang='lat' dir='ltr'>catur.</span> 
     </span>
    </p>

    <p class='ocr_par' dir='ltr' id='par_1_11' title="bbox 335 2571 1082 2667">
     <span class='ocr_line' id='line_1_57' title="bbox 377 2571 1079 2619; baseline 0.001 -14"><span class='ocrx_word' id='word_1_271' title='bbox 377 2571 393 2615; x_wconf 65' lang='grc' dir='ltr'><strong>ἓ</strong></span> <span class='ocrx_word' id='word_1_272' title='bbox 411 2571 466 2605; x_wconf 82' lang='lat'>16.</span> <span class='ocrx_word' id='word_1_273' title='bbox 486 2571 618 2606; x_wconf 83' lang='lat' dir='ltr'>Necnon</span> <span class='ocrx_word' id='word_1_274' title='bbox 638 2574 694 2617; x_wconf 78' lang='lat' dir='ltr'>qui</span> <span class='ocrx_word' id='word_1_275' title='bbox 709 2574 988 2619; x_wconf 83' lang='lat' dir='ltr'>archiepiscopos,</span> <span class='ocrx_word' id='word_1_276' title='bbox 1009 2571 1079 2617; x_wconf 79' lang='lat' dir='ltr'>epi-</span> 
     </span>
     <span class='ocr_line' id='line_1_58' title="bbox 335 2621 1082 2667; baseline 0.001 -14"><span class='ocrx_word' id='word_1_277' title='bbox 335 2627 449 2665; x_wconf 80' lang='lat' dir='ltr'>scopos</span> <span class='ocrx_word' id='word_1_278' title='bbox 468 2621 611 2665; x_wconf 82' lang='lat' dir='ltr'>aliosque</span> <span class='ocrx_word' id='word_1_279' title='bbox 631 2623 816 2667; x_wconf 77' lang='lat' dir='ltr'>superiores</span> <span class='ocrx_word' id='word_1_280' title='bbox 835 2624 884 2656; x_wconf 77' lang='lat' dir='ltr'>vel</span> <span class='ocrx_word' id='word_1_281' title='bbox 912 2622 1082 2657; x_wconf 78' lang='lat' dir='ltr'>inferiores</span> 
     </span>
    </p>
   </div>
   <div class='ocr_carea' id='block_1_10' title="bbox 1087 1620 1858 1718">
    <p class='ocr_par' dir='ltr' id='par_1_12' title="bbox 1087 1620 1858 1718">
     <span class='ocr_line' id='line_1_59' title="bbox 1087 1620 1858 1666; baseline -0.003 -10"><span class='ocrx_word' id='word_1_282' title='bbox 1087 1624 1204 1665; x_wconf 66' lang='lat' dir='ltr'>;etiam</span> <span class='ocrx_word' id='word_1_283' title='bbox 1229 1623 1341 1666; x_wconf 81' lang='lat' dir='ltr'>quavis</span> <span class='ocrx_word' id='word_1_284' title='bbox 1370 1622 1539 1656; x_wconf 85' lang='lat' dir='ltr'>occasione</span> <span class='ocrx_word' id='word_1_285' title='bbox 1570 1622 1621 1655; x_wconf 88' lang='lat' dir='ltr'>vel</span> <span class='ocrx_word' id='word_1_286' title='bbox 1655 1632 1763 1662; x_wconf 81' lang='lat' dir='ltr'>causa,</span> <span class='ocrx_word' id='word_1_287' title='bbox 1788 1620 1858 1655; x_wconf 87' lang='lat' dir='ltr'>sine</span> 
     </span>
     <span class='ocr_line' id='line_1_60' title="bbox 1087 1667 1858 1718; baseline -0.004 -8"><span class='ocrx_word' id='word_1_288' title='bbox 1087 1667 1246 1710; x_wconf 70' lang='lat' dir='ltr'>{Romani</span> <span class='ocrx_word' id='word_1_289' title='bbox 1278 1676 1442 1710; x_wconf 84' lang='lat' dir='ltr'>Pontificis</span> <span class='ocrx_word' id='word_1_290' title='bbox 1478 1676 1528 1709; x_wconf 89' lang='lat' dir='ltr'>vel</span> <span class='ocrx_word' id='word_1_291' title='bbox 1559 1686 1672 1709; x_wconf 87' lang='lat' dir='ltr'>eorum</span> <span class='ocrx_word' id='word_1_292' title='bbox 1699 1669 1750 1708; x_wconf 82' lang='lat' dir='ltr'>&#39;ad</span> <span class='ocrx_word' id='word_1_293' title='bbox 1774 1684 1858 1718; x_wconf 90' lang='lat' dir='ltr'>quos</span> 
     </span>
    </p>
   </div>
   <div class='ocr_carea' id='block_1_11' title="bbox 1088 1813 1095 1908">
    <p class='ocr_par' dir='ltr' id='par_1_13' title="bbox 1088 1813 1095 1908">
     <span class='ocr_line' id='line_1_61' title="bbox 1088 1813 1095 1908; baseline 0 0"><span class='ocrx_word' id='word_1_294' title='bbox 1088 1813 1095 1908; x_wconf 95' lang='lat' dir='ltr'> </span> 
     </span>
    </p>
   </div>
   <div class='ocr_carea' id='block_1_12' title="bbox 1089 1909 1095 2056">
    <p class='ocr_par' dir='ltr' id='par_1_14' title="bbox 1089 1909 1095 2056">
     <span class='ocr_line' id='line_1_62' title="bbox 1089 1909 1095 2056; baseline 0 1172"><span class='ocrx_word' id='word_1_295' title='bbox 1089 1909 1095 2056; x_wconf 95' lang='lat' dir='ltr'> </span> 
     </span>
    </p>
   </div>
   <div class='ocr_carea' id='block_1_13' title="bbox 1096 2368 1861 2416">
    <p class='ocr_par' dir='ltr' id='par_1_15' title="bbox 1096 2368 1861 2416">
     <span class='ocr_line' id='line_1_63' title="bbox 1096 2368 1861 2416; baseline -0.003 -11"><span class='ocrx_word' id='word_1_296' title='bbox 1096 2406 1097 2411; x_wconf 58' lang='grc'>,</span> <span class='ocrx_word' id='word_1_297' title='bbox 1117 2373 1212 2406; x_wconf 88' lang='lat' dir='ltr'>etiam</span> <span class='ocrx_word' id='word_1_298' title='bbox 1236 2383 1255 2405; x_wconf 86' lang='lat' dir='ltr'>a</span> <span class='ocrx_word' id='word_1_299' title='bbox 1273 2377 1386 2416; x_wconf 87' lang='lat' dir='ltr'>sponte</span> <span class='ocrx_word' id='word_1_300' title='bbox 1406 2372 1559 2405; x_wconf 85' lang='lat' dir='ltr'>dantibus</span> <span class='ocrx_word' id='word_1_301' title='bbox 1591 2375 1623 2404; x_wconf 86' lang='lat' dir='ltr'>et</span> <span class='ocrx_word' id='word_1_302' title='bbox 1655 2368 1861 2404; x_wconf 87' lang='lat' dir='ltr'>concedenti-</span> 
     </span>
    </p>
   </div>
   <div class='ocr_carea' id='block_1_14' title="bbox 1886 311 2059 3228">
    <p class='ocr_par' dir='ltr' id='par_1_16' title="bbox 1886 311 2059 3228">
     <span class='ocr_line' id='line_1_64' title="bbox 1908 311 2059 517; baseline 0.073 -127"><span class='ocrx_word' id='word_1_303' title='bbox 1908 311 2059 517; x_wconf 95' lang='lat' dir='ltr'>   </span> 
     </span>
     <span class='ocr_line' id='line_1_65' title="bbox 1886 517 2059 1420; baseline 0 -53"><span class='ocrx_word' id='word_1_304' title='bbox 1886 517 2059 1420; x_wconf 95' lang='lat' dir='ltr'>    </span> 
     </span>
     <span class='ocr_line' id='line_1_66' title="bbox 1931 1457 2059 1566; baseline 0 -39"><span class='ocrx_word' id='word_1_305' title='bbox 1931 1457 2059 1566; x_wconf 95' lang='lat' dir='ltr'>    </span> 
     </span>
     <span class='ocr_line' id='line_1_67' title="bbox 1886 1566 2059 1956; baseline 0.012 -91"><span class='ocrx_word' id='word_1_306' title='bbox 1886 1566 2059 1956; x_wconf 95' lang='lat' dir='ltr'>    </span> 
     </span>
     <span class='ocr_line' id='line_1_68' title="bbox 1886 1956 2059 3228; baseline 0 -1251"><span class='ocrx_word' id='word_1_307' title='bbox 1886 1956 2059 3228; x_wconf 95' lang='lat' dir='ltr'>      </span> 
     </span>
    </p>
   </div>
   <div class='ocr_carea' id='block_1_15' title="bbox 1104 385 2059 1549">
    <p class='ocr_par' dir='ltr' id='par_1_17' title="bbox 1104 385 2059 1281">
     <span class='ocr_line' id='line_1_69' title="bbox 1104 385 2059 440; baseline 0.001 -21"><span class='ocrx_word' id='word_1_308' title='bbox 1104 386 1181 420; x_wconf 86' lang='lat' dir='ltr'>libet</span> <span class='ocrx_word' id='word_1_309' title='bbox 1208 386 1390 430; x_wconf 90' lang='lat' dir='ltr'>impediunt</span> <span class='ocrx_word' id='word_1_310' title='bbox 1428 397 1492 431; x_wconf 85' lang='lat' dir='ltr'>quo</span> <span class='ocrx_word' id='word_1_311' title='bbox 1516 387 1624 420; x_wconf 89' lang='lat' dir='ltr'>minus</span> <span class='ocrx_word' id='word_1_312' title='bbox 1647 397 1706 420; x_wconf 89' lang='lat' dir='ltr'>sua</span> <span class='ocrx_word' id='word_1_313' title='bbox 1724 385 1912 440; x_wconf 58' lang='lat' dir='ltr'>iurisdi-ssffm</span> <span class='ocrx_word' id='word_1_314' title='bbox 2057 398 2059 406; x_wconf 63' lang='lat'><strong><em>¹</em></strong></span> 
     </span>
     <span class='ocr_line' id='line_1_70' title="bbox 1104 436 1958 486; baseline 0.002 -13"><span class='ocrx_word' id='word_1_315' title='bbox 1104 441 1209 474; x_wconf 73' lang='lat' dir='ltr'>ctione</span> <span class='ocrx_word' id='word_1_316' title='bbox 1233 441 1453 475; x_wconf 86' lang='lat' dir='ltr'>ecclesiastica</span> <span class='ocrx_word' id='word_1_317' title='bbox 1484 446 1596 475; x_wconf 89' lang='lat' dir='ltr'>contra</span> <span class='ocrx_word' id='word_1_318' title='bbox 1628 447 1852 486; x_wconf 60' lang='lat' dir='ltr'>quoscumque</span> <span class='ocrx_word' id='word_1_319' title='bbox 1865 453 1913 476; x_wconf 69' lang='lat' dir='ltr'>ms</span> <span class='ocrx_word' id='word_1_320' title='bbox 1953 436 1958 440; x_wconf 59' lang='grc'>’</span> 
     </span>
     <span class='ocr_line' id='line_1_71' title="bbox 1106 495 1852 539; baseline 0.003 -13"><span class='ocrx_word' id='word_1_321' title='bbox 1106 499 1245 535; x_wconf 84' lang='lat' dir='ltr'>utantur,</span> <span class='ocrx_word' id='word_1_322' title='bbox 1269 495 1448 528; x_wconf 88' lang='lat' dir='ltr'>secundum</span> <span class='ocrx_word' id='word_1_323' title='bbox 1479 495 1567 539; x_wconf 89' lang='lat' dir='ltr'>quod</span> <span class='ocrx_word' id='word_1_324' title='bbox 1587 504 1727 528; x_wconf 84' lang='lat' dir='ltr'>canones</span> <span class='ocrx_word' id='word_1_325' title='bbox 1750 499 1782 529; x_wconf 87' lang='lat' dir='ltr'>et</span> <span class='ocrx_word' id='word_1_326' title='bbox 1799 504 1852 528; x_wconf 90' lang='lat' dir='ltr'>sa-</span> 
     </span>
     <span class='ocr_line' id='line_1_72' title="bbox 1105 547 1852 583; baseline 0.003 -3"><span class='ocrx_word' id='word_1_327' title='bbox 1105 559 1177 581; x_wconf 79' lang='lat' dir='ltr'>crae</span> <span class='ocrx_word' id='word_1_328' title='bbox 1198 548 1444 582; x_wconf 86' lang='lat' dir='ltr'>constitutiones</span> <span class='ocrx_word' id='word_1_329' title='bbox 1473 548 1709 583; x_wconf 84' lang='lat' dir='ltr'>ecclesiasticae</span> <span class='ocrx_word' id='word_1_330' title='bbox 1736 553 1770 582; x_wconf 87' lang='lat' dir='ltr'>et</span> <span class='ocrx_word' id='word_1_331' title='bbox 1795 547 1852 582; x_wconf 85' lang='lat' dir='ltr'>de-</span> 
     </span>
     <span class='ocr_line' id='line_1_73' title="bbox 1104 594 1852 646; baseline 0.004 -13"><span class='ocrx_word' id='word_1_332' title='bbox 1104 608 1191 635; x_wconf 84' lang='lat' dir='ltr'>creta</span> <span class='ocrx_word' id='word_1_333' title='bbox 1211 602 1425 635; x_wconf 84' lang='lat' dir='ltr'>conciliorum</span> <span class='ocrx_word' id='word_1_334' title='bbox 1450 602 1664 646; x_wconf 78' lang='lat' dir='ltr'>generalium,</span> <span class='ocrx_word' id='word_1_335' title='bbox 1680 594 1729 635; x_wconf 84' lang='lat' dir='ltr'>&#39;et</span> <span class='ocrx_word' id='word_1_336' title='bbox 1756 611 1852 646; x_wconf 85' lang='lat' dir='ltr'>prae-</span> 
     </span>
     <span class='ocr_line' id='line_1_74' title="bbox 1104 656 1852 697; baseline 0.003 -9"><span class='ocrx_word' id='word_1_337' title='bbox 1104 656 1213 688; x_wconf 81' lang='lat' dir='ltr'>sertim</span> <span class='ocrx_word' id='word_1_338' title='bbox 1234 656 1423 697; x_wconf 87' lang='lat' dir='ltr'>Tridentini,</span> <span class='ocrx_word' id='word_1_339' title='bbox 1440 661 1595 691; x_wconf 89' lang='lat' dir='ltr'>statuunt.</span> <span class='ocrx_word' id='word_1_340' title='bbox 1617 657 1662 690; x_wconf 91' lang='lat' dir='ltr'>Ac</span> <span class='ocrx_word' id='word_1_341' title='bbox 1685 656 1782 690; x_wconf 87' lang='lat' dir='ltr'>etiam</span> <span class='ocrx_word' id='word_1_342' title='bbox 1797 665 1852 690; x_wconf 82' lang='lat' dir='ltr'>eos</span> 
     </span>
     <span class='ocr_line' id='line_1_75' title="bbox 1104 709 1852 754; baseline 0.004 -13"><span class='ocrx_word' id='word_1_343' title='bbox 1104 709 1172 752; x_wconf 88' lang='lat' dir='ltr'>qui,</span> <span class='ocrx_word' id='word_1_344' title='bbox 1193 715 1266 753; x_wconf 90' lang='lat' dir='ltr'>post</span> <span class='ocrx_word' id='word_1_345' title='bbox 1285 710 1429 754; x_wconf 87' lang='lat' dir='ltr'>ipsorum</span> <span class='ocrx_word' id='word_1_346' title='bbox 1443 709 1684 745; x_wconf 83' lang='lat' dir='ltr'>ordinariorum</span> <span class='ocrx_word' id='word_1_347' title='bbox 1693 711 1743 744; x_wconf 88' lang='lat' dir='ltr'>vel</span> <span class='ocrx_word' id='word_1_348' title='bbox 1755 710 1852 744; x_wconf 82' lang='lat' dir='ltr'>etiam</span> 
     </span>
     <span class='ocr_line' id='line_1_76' title="bbox 1104 763 1852 809; baseline 0.004 -14"><span class='ocrx_word' id='word_1_349' title='bbox 1104 763 1324 807; x_wconf 79' lang='lat' dir='ltr'>delegatorum</span> <span class='ocrx_word' id='word_1_350' title='bbox 1360 775 1645 809; x_wconf 83' lang='lat' dir='ltr'>quorumcumque</span> <span class='ocrx_word' id='word_1_351' title='bbox 1676 764 1852 798; x_wconf 82' lang='lat' dir='ltr'>sententias</span> 
     </span>
     <span class='ocr_line' id='line_1_77' title="bbox 1105 817 1852 860; baseline 0.001 -10"><span class='ocrx_word' id='word_1_352' title='bbox 1105 822 1136 850; x_wconf 89' lang='lat' dir='ltr'>et</span> <span class='ocrx_word' id='word_1_353' title='bbox 1155 817 1282 851; x_wconf 87' lang='lat' dir='ltr'>decreta</span> <span class='ocrx_word' id='word_1_354' title='bbox 1305 824 1361 851; x_wconf 90' lang='lat' dir='ltr'>aut</span> <span class='ocrx_word' id='word_1_355' title='bbox 1384 818 1472 860; x_wconf 86' lang='lat' dir='ltr'>alias,</span> <span class='ocrx_word' id='word_1_356' title='bbox 1492 818 1553 852; x_wconf 84' lang='lat' dir='ltr'>fori</span> <span class='ocrx_word' id='word_1_357' title='bbox 1573 817 1782 852; x_wconf 83' lang='lat' dir='ltr'>ecclesiastici</span> <span class='ocrx_word' id='word_1_358' title='bbox 1800 817 1852 852; x_wconf 89' lang='lat' dir='ltr'>iu-</span> 
     </span>
     <span class='ocr_line' id='line_1_78' title="bbox 1105 870 1854 913; baseline 0.001 -10"><span class='ocrx_word' id='word_1_359' title='bbox 1105 870 1226 904; x_wconf 90' lang='lat' dir='ltr'>dicium</span> <span class='ocrx_word' id='word_1_360' title='bbox 1247 872 1427 913; x_wconf 86' lang='lat' dir='ltr'>eludentes,</span> <span class='ocrx_word' id='word_1_361' title='bbox 1449 872 1488 905; x_wconf 88' lang='lat' dir='ltr'>ad</span> <span class='ocrx_word' id='word_1_362' title='bbox 1503 871 1713 906; x_wconf 85' lang='lat' dir='ltr'>cancellarias</span> <span class='ocrx_word' id='word_1_363' title='bbox 1731 876 1762 906; x_wconf 84' lang='lat' dir='ltr'>et</span> <span class='ocrx_word' id='word_1_364' title='bbox 1773 870 1854 905; x_wconf 86' lang='lat' dir='ltr'>alias</span> 
     </span>
     <span class='ocr_line' id='line_1_79' title="bbox 1106 925 1854 967; baseline 0 -9"><span class='ocrx_word' id='word_1_365' title='bbox 1106 925 1213 959; x_wconf 87' lang='lat' dir='ltr'>curias</span> <span class='ocrx_word' id='word_1_366' title='bbox 1232 926 1414 959; x_wconf 80' lang='lat' dir='ltr'>saeculares</span> <span class='ocrx_word' id='word_1_367' title='bbox 1446 931 1631 967; x_wconf 89' lang='lat' dir='ltr'>recurrunt,</span> <span class='ocrx_word' id='word_1_368' title='bbox 1665 931 1697 959; x_wconf 89' lang='lat' dir='ltr'>et</span> <span class='ocrx_word' id='word_1_369' title='bbox 1726 925 1854 960; x_wconf 86' lang='lat' dir='ltr'>abillis</span> 
     </span>
     <span class='ocr_line' id='line_1_80' title="bbox 1105 977 1853 1023; baseline 0.003 -13"><span class='ocrx_word' id='word_1_370' title='bbox 1105 978 1340 1022; x_wconf 81' lang='lat' dir='ltr'>prohibitiones</span> <span class='ocrx_word' id='word_1_371' title='bbox 1350 985 1382 1012; x_wconf 88' lang='lat' dir='ltr'>et</span> <span class='ocrx_word' id='word_1_372' title='bbox 1400 979 1563 1020; x_wconf 82' lang='lat' dir='ltr'>mandata,</span> <span class='ocrx_word' id='word_1_373' title='bbox 1581 979 1678 1012; x_wconf 91' lang='lat' dir='ltr'>etiam</span> <span class='ocrx_word' id='word_1_374' title='bbox 1690 977 1853 1023; x_wconf 81' lang='lat' dir='ltr'>poenalia,</span> 
     </span>
     <span class='ocr_line' id='line_1_81' title="bbox 1105 1031 1854 1077; baseline -0.001 -12"><span class='ocrx_word' id='word_1_375' title='bbox 1105 1032 1279 1065; x_wconf 89' lang='lat' dir='ltr'>ordinariis</span> <span class='ocrx_word' id='word_1_376' title='bbox 1290 1038 1345 1066; x_wconf 86' lang='lat' dir='ltr'>aut</span> <span class='ocrx_word' id='word_1_377' title='bbox 1359 1032 1513 1076; x_wconf 82' lang='lat' dir='ltr'>delegatis</span> <span class='ocrx_word' id='word_1_378' title='bbox 1523 1032 1697 1077; x_wconf 86' lang='lat' dir='ltr'>praedictis</span> <span class='ocrx_word' id='word_1_379' title='bbox 1709 1031 1854 1073; x_wconf 86' lang='lat' dir='ltr'>decerni,</span> 
     </span>
     <span class='ocr_line' id='line_1_82' title="bbox 1106 1085 1856 1131; baseline 0 -12"><span class='ocrx_word' id='word_1_380' title='bbox 1106 1091 1138 1119; x_wconf 88' lang='lat' dir='ltr'>et</span> <span class='ocrx_word' id='word_1_381' title='bbox 1174 1090 1286 1120; x_wconf 88' lang='lat' dir='ltr'>contra</span> <span class='ocrx_word' id='word_1_382' title='bbox 1318 1086 1391 1120; x_wconf 88' lang='lat' dir='ltr'>illos</span> <span class='ocrx_word' id='word_1_383' title='bbox 1428 1086 1544 1130; x_wconf 79' lang='lat' dir='ltr'>exequi</span> <span class='ocrx_word' id='word_1_384' title='bbox 1576 1091 1766 1131; x_wconf 83' lang='lat' dir='ltr'>procurant.</span> <span class='ocrx_word' id='word_1_385' title='bbox 1793 1085 1856 1120; x_wconf 86' lang='lat' dir='ltr'>Eos</span> 
     </span>
     <span class='ocr_line' id='line_1_83' title="bbox 1106 1140 1854 1185; baseline 0.001 -13"><span class='ocrx_word' id='word_1_386' title='bbox 1106 1149 1235 1183; x_wconf 86' lang='lat' dir='ltr'>quoque</span> <span class='ocrx_word' id='word_1_387' title='bbox 1255 1140 1311 1183; x_wconf 89' lang='lat' dir='ltr'>qui</span> <span class='ocrx_word' id='word_1_388' title='bbox 1329 1140 1410 1177; x_wconf 82' lang='lat' dir='ltr'>haec</span> <span class='ocrx_word' id='word_1_389' title='bbox 1427 1141 1610 1174; x_wconf 81' lang='lat' dir='ltr'>decernunt</span> <span class='ocrx_word' id='word_1_390' title='bbox 1629 1145 1661 1174; x_wconf 86' lang='lat' dir='ltr'>et</span> <span class='ocrx_word' id='word_1_391' title='bbox 1686 1149 1854 1185; x_wconf 82' lang='lat' dir='ltr'>exequun-</span> 
     </span>
     <span class='ocr_line' id='line_1_84' title="bbox 1107 1193 1857 1238; baseline 0.001 -12"><span class='ocrx_word' id='word_1_392' title='bbox 1107 1199 1170 1234; x_wconf 89' lang='lat' dir='ltr'>tur,</span> <span class='ocrx_word' id='word_1_393' title='bbox 1190 1204 1247 1226; x_wconf 86' lang='lat' dir='ltr'>seu</span> <span class='ocrx_word' id='word_1_394' title='bbox 1267 1194 1345 1227; x_wconf 82' lang='lat' dir='ltr'>dant</span> <span class='ocrx_word' id='word_1_395' title='bbox 1363 1193 1532 1234; x_wconf 80' lang='lat' dir='ltr'>auxilium,</span> <span class='ocrx_word' id='word_1_396' title='bbox 1545 1193 1730 1236; x_wconf 84' lang='lat' dir='ltr'>consilium,</span> <span class='ocrx_word' id='word_1_397' title='bbox 1747 1198 1857 1238; x_wconf 88' lang='lat' dir='ltr'>patro-</span> 
     </span>
     <span class='ocr_line' id='line_1_85' title="bbox 1107 1247 1644 1281; baseline 0.002 -1"><span class='ocrx_word' id='word_1_398' title='bbox 1107 1247 1230 1281; x_wconf 88' lang='lat' dir='ltr'>cinium</span> <span class='ocrx_word' id='word_1_399' title='bbox 1250 1253 1282 1281; x_wconf 92' lang='lat' dir='ltr'>et</span> <span class='ocrx_word' id='word_1_400' title='bbox 1301 1248 1441 1281; x_wconf 82' lang='lat' dir='ltr'>savorem</span> <span class='ocrx_word' id='word_1_401' title='bbox 1461 1248 1495 1281; x_wconf 92' lang='lat' dir='ltr'>in</span> <span class='ocrx_word' id='word_1_402' title='bbox 1512 1247 1644 1281; x_wconf 85' lang='lat' dir='ltr'>eisdem.</span> 
     </span>
    </p>

    <p class='ocr_par' dir='ltr' id='par_1_18' title="bbox 1107 1297 2021 1549">
     <span class='ocr_line' id='line_1_86' title="bbox 1151 1297 2005 1344; baseline -0.001 -10"><span class='ocrx_word' id='word_1_403' title='bbox 1151 1301 1166 1344; x_wconf 66' lang='grc' dir='ltr'>ἓ</span> <span class='ocrx_word' id='word_1_404' title='bbox 1190 1301 1243 1334; x_wconf 83' lang='lat'>17.</span> <span class='ocrx_word' id='word_1_405' title='bbox 1266 1301 1365 1339; x_wconf 84' lang='lat' dir='ltr'>Quive</span> <span class='ocrx_word' id='word_1_406' title='bbox 1383 1297 1625 1334; x_wconf 83' lang='lat' dir='ltr'>iurisdictiones</span> <span class='ocrx_word' id='word_1_407' title='bbox 1644 1310 1701 1335; x_wconf 86' lang='lat' dir='ltr'>seu</span> <span class='ocrx_word' id='word_1_408' title='bbox 1716 1300 1855 1340; x_wconf 87' lang='lat' dir='ltr'>fructus,</span> <span class='ocrx_word' id='word_1_409' title='bbox 1914 1337 1919 1342; x_wconf 59' lang='grc'>,</span> <span class='ocrx_word' id='word_1_410' title='bbox 1966 1310 1979 1331; x_wconf 69' lang='lat'>1</span> <span class='ocrx_word' id='word_1_411' title='bbox 2000 1341 2005 1343; x_wconf 24' lang='grc' dir='ltr'><em>Π</em></span> 
     </span>
     <span class='ocr_line' id='line_1_87' title="bbox 1107 1336 2021 1399; baseline -0.002 -11"><span class='ocrx_word' id='word_1_412' title='bbox 1107 1354 1252 1388; x_wconf 88' lang='lat' dir='ltr'>redditus</span> <span class='ocrx_word' id='word_1_413' title='bbox 1271 1360 1302 1387; x_wconf 89' lang='lat' dir='ltr'>et</span> <span class='ocrx_word' id='word_1_414' title='bbox 1320 1359 1508 1399; x_wconf 83' lang='lat' dir='ltr'>proventus,</span> <span class='ocrx_word' id='word_1_415' title='bbox 1539 1354 1578 1388; x_wconf 88' lang='lat' dir='ltr'>ad</span> <span class='ocrx_word' id='word_1_416' title='bbox 1598 1364 1658 1387; x_wconf 91' lang='lat' dir='ltr'>nos</span> <span class='ocrx_word' id='word_1_417' title='bbox 1684 1358 1716 1387; x_wconf 86' lang='lat' dir='ltr'>et</span> <span class='ocrx_word' id='word_1_418' title='bbox 1739 1353 1855 1388; x_wconf 84' lang='lat' dir='ltr'>sedem</span> <span class='ocrx_word' id='word_1_419' title='bbox 1870 1336 1932 1390; x_wconf 48' lang='lat'>{5⁰¹⁸</span> <span class='ocrx_word' id='word_1_420' title='bbox 1946 1380 1947 1385; x_wconf 67' lang='grc'>,</span> <span class='ocrx_word' id='word_1_421' title='bbox 2008 1346 2021 1392; x_wconf 51' lang='lat'>,¹</span> 
     </span>
     <span class='ocr_line' id='line_1_88' title="bbox 1107 1401 2010 1453; baseline -0.001 -12"><span class='ocrx_word' id='word_1_422' title='bbox 1107 1408 1327 1453; x_wconf 88' lang='lat' dir='ltr'>Apostolicam</span> <span class='ocrx_word' id='word_1_423' title='bbox 1340 1414 1371 1442; x_wconf 92' lang='lat' dir='ltr'>et</span> <span class='ocrx_word' id='word_1_424' title='bbox 1386 1418 1610 1452; x_wconf 85' lang='lat' dir='ltr'>quascumque</span> <span class='ocrx_word' id='word_1_425' title='bbox 1625 1406 1857 1441; x_wconf 81' lang='lat' dir='ltr'>ecclesiasticas</span> <span class='ocrx_word' id='word_1_426' title='bbox 1871 1403 1934 1453; x_wconf 56' lang='lat'>{¹:2¹</span> <span class='ocrx_word' id='word_1_427' title='bbox 1950 1414 1979 1423; x_wconf 85' lang='grc'>··</span> <span class='ocrx_word' id='word_1_428' title='bbox 2005 1401 2010 1423; x_wconf 57' lang='grc' dir='ltr'>ἶ</span> 
     </span>
     <span class='ocr_line' id='line_1_89' title="bbox 1108 1461 1955 1516; baseline -0.002 -21"><span class='ocrx_word' id='word_1_429' title='bbox 1108 1471 1273 1506; x_wconf 88' lang='lat' dir='ltr'>personas,</span> <span class='ocrx_word' id='word_1_430' title='bbox 1296 1461 1422 1495; x_wconf 88' lang='lat' dir='ltr'>ratione</span> <span class='ocrx_word' id='word_1_431' title='bbox 1448 1461 1672 1501; x_wconf 86' lang='lat' dir='ltr'>ecclesiarum,</span> <span class='ocrx_word' id='word_1_432' title='bbox 1693 1464 1856 1494; x_wconf 88' lang='lat' dir='ltr'>monaste·</span> <span class='ocrx_word' id='word_1_433' title='bbox 1870 1464 1955 1516; x_wconf 48' lang='lat'>2232:</span> 
     </span>
     <span class='ocr_line' id='line_1_90' title="bbox 1108 1514 1978 1549; baseline -0.003 0"><span class='ocrx_word' id='word_1_434' title='bbox 1108 1516 1233 1549; x_wconf 88' lang='lat' dir='ltr'>riorum</span> <span class='ocrx_word' id='word_1_435' title='bbox 1257 1521 1289 1549; x_wconf 91' lang='lat' dir='ltr'>et</span> <span class='ocrx_word' id='word_1_436' title='bbox 1318 1515 1458 1549; x_wconf 87' lang='lat' dir='ltr'>aliorum</span> <span class='ocrx_word' id='word_1_437' title='bbox 1487 1515 1722 1549; x_wconf 82' lang='lat' dir='ltr'>beneficiorum</span> <span class='ocrx_word' id='word_1_438' title='bbox 1755 1514 1858 1548; x_wconf 86' lang='lat' dir='ltr'>eccle·</span> <span class='ocrx_word' id='word_1_439' title='bbox 1872 1524 1978 1547; x_wconf 70' lang='lat' dir='ltr'>sim</span> 
     </span>
    </p>
   </div>
   <div class='ocr_carea' id='block_1_16' title="bbox 1109 1567 1859 1613">
    <p class='ocr_par' dir='ltr' id='par_1_19' title="bbox 1109 1567 1859 1613">
     <span class='ocr_line' id='line_1_91' title="bbox 1109 1567 1859 1613; baseline -0.001 -11"><span class='ocrx_word' id='word_1_440' title='bbox 1109 1569 1325 1610; x_wconf 86' lang='lat' dir='ltr'>siasticorum‚</span> <span class='ocrx_word' id='word_1_441' title='bbox 1359 1569 1558 1613; x_wconf 83' lang='lat' dir='ltr'>pertinentes</span> <span class='ocrx_word' id='word_1_442' title='bbox 1593 1573 1769 1613; x_wconf 83' lang='lat' dir='ltr'>usurpant,</span> <span class='ocrx_word' id='word_1_443' title='bbox 1807 1567 1859 1601; x_wconf 86' lang='lat' dir='ltr'>vel</span> 
     </span>
    </p>
   </div>
   <div class='ocr_carea' id='block_1_17' title="bbox 1109 1728 2015 1989">
    <p class='ocr_par' dir='ltr' id='par_1_20' title="bbox 1109 1728 1923 1818">
     <span class='ocr_line' id='line_1_92' title="bbox 1109 1728 1859 1774; baseline -0.003 -11"><span class='ocrx_word' id='word_1_444' title='bbox 1109 1730 1180 1764; x_wconf 93' lang='lat' dir='ltr'>iure</span> <span class='ocrx_word' id='word_1_445' title='bbox 1202 1730 1366 1774; x_wconf 89' lang='lat' dir='ltr'>pertinent</span> <span class='ocrx_word' id='word_1_446' title='bbox 1389 1739 1539 1773; x_wconf 75' lang='lat' dir='ltr'>expressa</span> <span class='ocrx_word' id='word_1_447' title='bbox 1562 1728 1693 1762; x_wconf 84' lang='lat' dir='ltr'>licentia</span> <span class='ocrx_word' id='word_1_448' title='bbox 1707 1755 1716 1769; x_wconf 94' lang='lat'>‚</span> <span class='ocrx_word' id='word_1_449' title='bbox 1742 1737 1859 1772; x_wconf 85' lang='lat' dir='ltr'>seque-</span> 
     </span>
     <span class='ocr_line' id='line_1_93' title="bbox 1110 1789 1923 1818; baseline -0.002 -1"><span class='ocrx_word' id='word_1_450' title='bbox 1110 1789 1223 1818; x_wconf 83' lang='lat' dir='ltr'>strant.</span> <span class='ocrx_word' id='word_1_451' title='bbox 1917 1808 1923 1815; x_wconf 85' lang='lat'><strong>.</strong></span> 
     </span>
    </p>

    <p class='ocr_par' dir='ltr' id='par_1_21' title="bbox 1111 1835 2015 1989">
     <span class='ocr_line' id='line_1_94' title="bbox 1154 1835 2015 1881; baseline -0.005 -11"><span class='ocrx_word' id='word_1_452' title='bbox 1154 1837 1240 1881; x_wconf 61' lang='lat'>318.</span> <span class='ocrx_word' id='word_1_453' title='bbox 1262 1837 1361 1877; x_wconf 88' lang='lat' dir='ltr'>Quive</span> <span class='ocrx_word' id='word_1_454' title='bbox 1385 1836 1547 1877; x_wconf 86' lang='lat' dir='ltr'>collectas,</span> <span class='ocrx_word' id='word_1_455' title='bbox 1568 1836 1723 1877; x_wconf 88' lang='lat' dir='ltr'>decimas,</span> <span class='ocrx_word' id='word_1_456' title='bbox 1743 1835 1855 1878; x_wconf 83' lang='lat' dir='ltr'>taleas,</span> <span class='ocrx_word' id='word_1_457' title='bbox 1920 1843 1929 1866; x_wconf 90' lang='grc' dir='ltr'>ι</span> <span class='ocrx_word' id='word_1_458' title='bbox 1972 1843 1974 1845; x_wconf 93' lang='grc'><em>·</em></span> <span class='ocrx_word' id='word_1_459' title='bbox 2014 1849 2015 1852; x_wconf 40' lang='lat'>¹</span> 
     </span>
     <span class='ocr_line' id='line_1_95' title="bbox 1111 1876 2011 1934; baseline -0.001 -11"><span class='ocrx_word' id='word_1_460' title='bbox 1111 1890 1321 1934; x_wconf 84' lang='lat' dir='ltr'>praestantias</span> <span class='ocrx_word' id='word_1_461' title='bbox 1340 1896 1371 1924; x_wconf 89' lang='lat' dir='ltr'>et</span> <span class='ocrx_word' id='word_1_462' title='bbox 1389 1890 1451 1923; x_wconf 86' lang='lat' dir='ltr'>alia</span> <span class='ocrx_word' id='word_1_463' title='bbox 1481 1900 1580 1924; x_wconf 89' lang='lat' dir='ltr'>onera</span> <span class='ocrx_word' id='word_1_464' title='bbox 1604 1889 1743 1931; x_wconf 76' lang='lat' dir='ltr'>clericis,</span> <span class='ocrx_word' id='word_1_465' title='bbox 1763 1894 1859 1934; x_wconf 84' lang='lat' dir='ltr'>prae·</span> <span class='ocrx_word' id='word_1_466' title='bbox 1872 1876 1986 1930; x_wconf 50' lang='lat'>{3⁵:⁸¹</span> <span class='ocrx_word' id='word_1_467' title='bbox 2008 1909 2011 1911; x_wconf 94' lang='lat'>-</span> 
     </span>
     <span class='ocr_line' id='line_1_96' title="bbox 1112 1942 1785 1989; baseline -0.001 -12"><span class='ocrx_word' id='word_1_468' title='bbox 1112 1944 1182 1977; x_wconf 84' lang='lat' dir='ltr'>latis</span> <span class='ocrx_word' id='word_1_469' title='bbox 1206 1949 1236 1977; x_wconf 91' lang='lat' dir='ltr'>et</span> <span class='ocrx_word' id='word_1_470' title='bbox 1274 1944 1344 1977; x_wconf 87' lang='lat' dir='ltr'>aliis</span> <span class='ocrx_word' id='word_1_471' title='bbox 1378 1943 1525 1989; x_wconf 86' lang='lat' dir='ltr'>personis</span> <span class='ocrx_word' id='word_1_472' title='bbox 1548 1942 1785 1985; x_wconf 86' lang='lat' dir='ltr'>ecclesiasticis,</span> 
     </span>
    </p>
   </div>
   <div class='ocr_carea' id='block_1_18' title="bbox 1112 1997 1947 2058">
    <p class='ocr_par' dir='ltr' id='par_1_22' title="bbox 1112 1997 1947 2058">
     <span class='ocr_line' id='line_1_97' title="bbox 1112 1997 1947 2058; baseline -0.002 -27"><span class='ocrx_word' id='word_1_473' title='bbox 1112 2008 1225 2031; x_wconf 85' lang='lat' dir='ltr'>eorum</span> <span class='ocrx_word' id='word_1_474' title='bbox 1245 2003 1276 2031; x_wconf 88' lang='lat' dir='ltr'>et</span> <span class='ocrx_word' id='word_1_475' title='bbox 1295 1997 1518 2037; x_wconf 80' lang='lat' dir='ltr'>ecclesiarum,</span> <span class='ocrx_word' id='word_1_476' title='bbox 1535 1997 1807 2030; x_wconf 88' lang='lat' dir='ltr'>monasteriorum</span> <span class='ocrx_word' id='word_1_477' title='bbox 1827 2000 1860 2029; x_wconf 88' lang='lat' dir='ltr'>et</span> <span class='ocrx_word' id='word_1_478' title='bbox 1873 2007 1947 2058; x_wconf 51' lang='grc' dir='ltr'>ἰξευ-</span> 
     </span>
    </p>
   </div>
   <div class='ocr_carea' id='block_1_19' title="bbox 1091 2049 2021 2094">
    <p class='ocr_par' dir='ltr' id='par_1_23' title="bbox 1091 2049 2021 2094">
     <span class='ocr_line' id='line_1_98' title="bbox 1091 2049 2021 2094; baseline 0 -10"><span class='ocrx_word' id='word_1_479' title='bbox 1091 2051 1250 2094; x_wconf 69' lang='lat' dir='ltr'>laborum</span> <span class='ocrx_word' id='word_1_480' title='bbox 1291 2050 1525 2084; x_wconf 87' lang='lat' dir='ltr'>beneficiorum</span> <span class='ocrx_word' id='word_1_481' title='bbox 1567 2049 1860 2084; x_wconf 83' lang='lat' dir='ltr'>ecclesiasticorum</span> <span class='ocrx_word' id='word_1_482' title='bbox 1874 2066 1947 2088; x_wconf 66' lang='lat' dir='ltr'>mn.</span> <span class='ocrx_word' id='word_1_483' title='bbox 1975 2053 1989 2061; x_wconf 60' lang='lat'><strong>²</strong></span> <span class='ocrx_word' id='word_1_484' title='bbox 2008 2063 2021 2074; x_wconf 63' lang='lat'>·=</span> 
     </span>
    </p>
   </div>
   <div class='ocr_carea' id='block_1_20' title="bbox 1115 2097 1968 2147">
    <p class='ocr_par' dir='ltr' id='par_1_24' title="bbox 1115 2097 1968 2147">
     <span class='ocr_line' id='line_1_99' title="bbox 1115 2097 1968 2147; baseline -0.005 -8"><span class='ocrx_word' id='word_1_485' title='bbox 1115 2105 1218 2146; x_wconf 85' lang='lat' dir='ltr'>bonis,</span> <span class='ocrx_word' id='word_1_486' title='bbox 1253 2104 1452 2147; x_wconf 77' lang='lat' dir='ltr'>illorumque</span> <span class='ocrx_word' id='word_1_487' title='bbox 1485 2103 1664 2144; x_wconf 82' lang='lat' dir='ltr'>fructibus,</span> <span class='ocrx_word' id='word_1_488' title='bbox 1701 2103 1858 2138; x_wconf 87' lang='lat' dir='ltr'>reditibus</span> <span class='ocrx_word' id='word_1_489' title='bbox 1875 2097 1930 2124; x_wconf 65' lang='lat'>“⁰³⁸³</span> <span class='ocrx_word' id='word_1_490' title='bbox 1964 2104 1968 2107; x_wconf 67' lang='lat'><em>⁷</em></span> 
     </span>
    </p>
   </div>
   <div class='ocr_carea' id='block_1_21' title="bbox 1115 2155 1862 2362">
    <p class='ocr_par' dir='ltr' id='par_1_25' title="bbox 1115 2155 1862 2362">
     <span class='ocr_line' id='line_1_100' title="bbox 1115 2155 1862 2202; baseline -0.003 -11"><span class='ocrx_word' id='word_1_491' title='bbox 1115 2165 1144 2191; x_wconf 80' lang='lat' dir='ltr'>et</span> <span class='ocrx_word' id='word_1_492' title='bbox 1168 2157 1376 2202; x_wconf 86' lang='lat' dir='ltr'>proventibus</span> <span class='ocrx_word' id='word_1_493' title='bbox 1395 2157 1595 2196; x_wconf 84' lang='lat' dir='ltr'>huiusmodi,</span> <span class='ocrx_word' id='word_1_494' title='bbox 1616 2157 1739 2200; x_wconf 86' lang='lat' dir='ltr'>absque</span> <span class='ocrx_word' id='word_1_495' title='bbox 1762 2155 1862 2190; x_wconf 89' lang='lat' dir='ltr'>simili</span> 
     </span>
     <span class='ocr_line' id='line_1_101' title="bbox 1116 2208 1862 2254; baseline -0.003 -10"><span class='ocrx_word' id='word_1_496' title='bbox 1116 2212 1250 2245; x_wconf 71' lang='lat' dir='ltr'>Romani</span> <span class='ocrx_word' id='word_1_497' title='bbox 1269 2211 1433 2245; x_wconf 72' lang='lat' dir='ltr'>Pontificis</span> <span class='ocrx_word' id='word_1_498' title='bbox 1452 2210 1583 2254; x_wconf 88' lang='lat' dir='ltr'>speciali</span> <span class='ocrx_word' id='word_1_499' title='bbox 1603 2216 1634 2243; x_wconf 87' lang='lat' dir='ltr'>et</span> <span class='ocrx_word' id='word_1_500' title='bbox 1652 2220 1802 2254; x_wconf 82' lang='lat' dir='ltr'>expressa</span> <span class='ocrx_word' id='word_1_501' title='bbox 1824 2208 1862 2243; x_wconf 87' lang='lat' dir='ltr'>li-</span> 
     </span>
     <span class='ocr_line' id='line_1_102' title="bbox 1116 2263 1862 2309; baseline -0.003 -11"><span class='ocrx_word' id='word_1_502' title='bbox 1116 2266 1233 2307; x_wconf 81' lang='lat' dir='ltr'>centia,</span> <span class='ocrx_word' id='word_1_503' title='bbox 1259 2266 1442 2309; x_wconf 89' lang='lat' dir='ltr'>imponunt,</span> <span class='ocrx_word' id='word_1_504' title='bbox 1479 2269 1510 2298; x_wconf 91' lang='lat' dir='ltr'>et</span> <span class='ocrx_word' id='word_1_505' title='bbox 1541 2264 1673 2297; x_wconf 74' lang='lat' dir='ltr'>diversis</span> <span class='ocrx_word' id='word_1_506' title='bbox 1692 2263 1787 2297; x_wconf 89' lang='lat' dir='ltr'>etiam</span> <span class='ocrx_word' id='word_1_507' title='bbox 1807 2273 1862 2297; x_wconf 86' lang='lat' dir='ltr'>ex-</span> 
     </span>
     <span class='ocr_line' id='line_1_103' title="bbox 1117 2316 1860 2362; baseline -0.004 -10"><span class='ocrx_word' id='word_1_508' title='bbox 1117 2319 1243 2362; x_wconf 82' lang='lat' dir='ltr'>quisitis</span> <span class='ocrx_word' id='word_1_509' title='bbox 1262 2319 1365 2352; x_wconf 84' lang='lat' dir='ltr'>modis</span> <span class='ocrx_word' id='word_1_510' title='bbox 1389 2318 1531 2361; x_wconf 67' lang='lat' dir='ltr'>exigunt,</span> <span class='ocrx_word' id='word_1_511' title='bbox 1553 2323 1609 2351; x_wconf 84' lang='lat' dir='ltr'>aut</span> <span class='ocrx_word' id='word_1_512' title='bbox 1631 2317 1676 2350; x_wconf 87' lang='lat' dir='ltr'>sic</span> <span class='ocrx_word' id='word_1_513' title='bbox 1698 2316 1860 2361; x_wconf 83' lang='lat' dir='ltr'>imposita,</span> 
     </span>
    </p>
   </div>
   <div class='ocr_carea' id='block_1_22' title="bbox 1116 2422 1875 2661">
    <p class='ocr_par' dir='ltr' id='par_1_26' title="bbox 1116 2422 1875 2661">
     <span class='ocr_line' id='line_1_104' title="bbox 1116 2422 1875 2469; baseline -0.005 -11"><span class='ocrx_word' id='word_1_514' title='bbox 1116 2425 1190 2466; x_wconf 89' lang='lat' dir='ltr'>bus,</span> <span class='ocrx_word' id='word_1_515' title='bbox 1211 2425 1382 2469; x_wconf 85' lang='lat' dir='ltr'>recipiunt.</span> <span class='ocrx_word' id='word_1_516' title='bbox 1404 2425 1534 2457; x_wconf 82' lang='lat' dir='ltr'>Necnon</span> <span class='ocrx_word' id='word_1_517' title='bbox 1554 2423 1622 2467; x_wconf 86' lang='lat' dir='ltr'>qui,</span> <span class='ocrx_word' id='word_1_518' title='bbox 1635 2434 1694 2467; x_wconf 92' lang='lat' dir='ltr'>per</span> <span class='ocrx_word' id='word_1_519' title='bbox 1712 2433 1745 2456; x_wconf 84' lang='lat' dir='ltr'>se</span> <span class='ocrx_word' id='word_1_520' title='bbox 1763 2422 1811 2455; x_wconf 91' lang='lat' dir='ltr'>vel</span> <span class='ocrx_word' id='word_1_521' title='bbox 1830 2432 1875 2455; x_wconf 44' lang='lat' dir='ltr'>aa</span> 
     </span>
     <span class='ocr_line' id='line_1_105' title="bbox 1118 2471 1860 2516; baseline -0.007 -9"><span class='ocrx_word' id='word_1_522' title='bbox 1118 2475 1198 2508; x_wconf 90' lang='lat' dir='ltr'>lium</span> <span class='ocrx_word' id='word_1_523' title='bbox 1237 2485 1298 2516; x_wconf 49' lang='lat' dir='ltr'>seu·</span> <span class='ocrx_word' id='word_1_524' title='bbox 1327 2474 1417 2513; x_wconf 79' lang='lat' dir='ltr'>alios,</span> <span class='ocrx_word' id='word_1_525' title='bbox 1435 2473 1576 2506; x_wconf 82' lang='lat' dir='ltr'>.directe</span> <span class='ocrx_word' id='word_1_526' title='bbox 1607 2472 1657 2505; x_wconf 76' lang='lat' dir='ltr'>vel</span> <span class='ocrx_word' id='word_1_527' title='bbox 1693 2471 1860 2511; x_wconf 87' lang='lat' dir='ltr'>indirecte,</span> 
     </span>
     <span class='ocr_line' id='line_1_106' title="bbox 1120 2514 1861 2567; baseline -0.007 -10"><span class='ocrx_word' id='word_1_528' title='bbox 1120 2523 1284 2567; x_wconf 79' lang='lat' dir='ltr'>piaedicta</span> <span class='ocrx_word' id='word_1_529' title='bbox 1316 2523 1433 2563; x_wconf 82' lang='lat' dir='ltr'>facere,</span> <span class='ocrx_word' id='word_1_530' title='bbox 1455 2521 1569 2565; x_wconf 76' lang='lat' dir='ltr'>exequi</span> <span class='ocrx_word' id='word_1_531' title='bbox 1592 2520 1640 2554; x_wconf 78' lang='lat' dir='ltr'>vei</span> <span class='ocrx_word' id='word_1_532' title='bbox 1674 2514 1861 2564; x_wconf 74' lang='lat' dir='ltr'>procurare,</span> 
     </span>
     <span class='ocr_line' id='line_1_107' title="bbox 1120 2567 1864 2611; baseline -0.008 -5"><span class='ocrx_word' id='word_1_533' title='bbox 1120 2573 1231 2606; x_wconf 88' lang='lat' dir='ltr'>autin</span> <span class='ocrx_word' id='word_1_534' title='bbox 1265 2573 1386 2606; x_wconf 85' lang='lat' dir='ltr'>eisdem</span> <span class='ocrx_word' id='word_1_535' title='bbox 1418 2571 1587 2611; x_wconf 81' lang='lat' dir='ltr'>auxilium,</span> <span class='ocrx_word' id='word_1_536' title='bbox 1613 2568 1782 2603; x_wconf 84' lang='lat' dir='ltr'>consilium</span> <span class='ocrx_word' id='word_1_537' title='bbox 1815 2567 1864 2601; x_wconf 83' lang='lat' dir='ltr'>vel</span> 
     </span>
     <span class='ocr_line' id='line_1_108' title="bbox 1121 2616 1865 2661; baseline -0.008 -6"><span class='ocrx_word' id='word_1_538' title='bbox 1121 2622 1260 2656; x_wconf 75' lang='lat' dir='ltr'>favorem</span> <span class='ocrx_word' id='word_1_539' title='bbox 1286 2627 1341 2654; x_wconf 87' lang='lat' dir='ltr'>aut</span> <span class='ocrx_word' id='word_1_540' title='bbox 1360 2626 1466 2654; x_wconf 77' lang='lat' dir='ltr'>votum</span> <span class='ocrx_word' id='word_1_541' title='bbox 1491 2630 1548 2654; x_wconf 86' lang='lat' dir='ltr'>seu</span> <span class='ocrx_word' id='word_1_542' title='bbox 1580 2616 1782 2661; x_wconf 77' lang='lat' dir='ltr'>sum-agium,</span> <span class='ocrx_word' id='word_1_543' title='bbox 1808 2625 1865 2660; x_wconf 88' lang='lat' dir='ltr'>pa-</span> 
     </span>
    </p>
   </div>
  </div>
 </body>
</html>
