2059 3228
211 284 412 325 auctoritate,
435 284 573 318 scienter
591 284 638 317 veI
667 289 866 327 ignoranter,
886 294 963 317 con-

197 338 318 383 tigerit
341 339 503 376 attentari,
534 338 659 372 irritum
685 343 716 371 ct
734 336 829 371 in'ane
855 337 964 371 decer-

211 391 331 426 nimus.

115 484 117 486 ,
253 445 269 490 5
292 445 324 479 7.
365 445 522 485 Quocirca
552 444 790 479 venerabilibus
810 444 961 477 fratribus

129 506 196 527 Μη-
209 498 328 533 nostris
355 499 557 533 Toletancnsi
577 504 607 532 et.
633 498 811 532 Trevirensi
841 509 877 531 ac
908 497 961 530 Ri-

94 545 95 550 ’
125 549 132 557 ’
208 552 298 597 gensi
317 552 572 596 archiepiscopis
597 563 656 596 per
680 556 960 595 praescntcscom-

210 605 367 640 mittimus
406 611 435 639 et
471 606 662 639 mandamus
699 609 860 649 quatenus
901 604 960 648 ipsi

167 677 172 684 ·
208 660 258 694 vel
277 660 343 694 duo
359 666 414 694 aut
433 671 517 694 unus
538 670 664 700 eorum,
691 670 750 703 per
760 669 792 692 se
801 659 847 691 vel
859 658 959 691 alium

209 723 266 748 seu
297 713 389 755 alios,
425 714 552 747 easdem
582 718 766 757 praesentes
791 718 822 745 et
851 712 883 744 in
915 712 960 744 eis

209 773 359 802 contenta
378 778 614 811 quaecumque,
635 766 689 799 ubi
701 772 729 798 ct
741 765 870 809 quando
879 776 960 810 opus

209 821 318 863 fuerit,
340 833 378 855 ac
411 821 539 865 quoties
564 831 624 864 pro
657 825 747 864 parte
766 819 890 852 Claudii
910 819 958 852 vel

209 885 269 920 pro
288 881 436 920 tempore
460 873 622 907 existentis
655 872 830 916 praepositi
862 883 959 915 gene-

207 930 286 964 ralis
309 935 366 963 aut
389 928 557 963 Societatis
576 927 764 960 huiusmodi
788 927 837 960 vel
861 927 961 959 alicu-

207 983 259 1017 ius
278 993 393 1017 eorum
408 982 545 1014 fuerint.
564 982 704 1024 desuper
722 980 880 1023 requisiti,
908 990 959 1013 so-

207 1036 359 1084 lemniter
379 1035 594 1080 publicantes,
617 1034 727 1077 eisque
752 1034 786 1066 in
805 1033 960 1078 praemis-

207 1089 251 1124 sis
274 1089 415 1123 efficacis
434 1088 630 1122 defensionis
638 1086 798 1131 praesidio
809 1087 958 1120 assisten-

161 1151 168 1158 ·
206 1147 268 1184 tes,
298 1143 418 1176 faciant
437 1142 627 1175 auctoritate
646 1146 755 1174 nostra
776 1145 959 1184 praesentes

207 1203 251 1231 et.
269 1197 304 1230 in
335 1196 381 1230 eis
416 1201 567 1229 contenta
599 1194 789 1227 huiusmodi
824 1194 961 1226 firmiter

205 1303 295 1350 ipsae
315 1309 530 1344 concernunt,
543 1302 678 1346 pacifice
690 1301 753 1334 frui
763 1306 794 1335 et
808 1302 959 1344 gaudere,

205 1368 272 1392 non
295 1356 517 1403 permittentes
535 1367 590 1390 eos
613 1357 661 1389 vel
682 1356 823 1399 aliquem
847 1366 959 1390 eorum

206 1411 347 1456 desuper
365 1415 477 1444 contra
496 1409 714 1454 praesentium
738 1415 882 1443 tenorem
903 1421 961 1454 per

207 1475 430 1510 quoscumque
440 1463 685 1508 quomodolibet
700 1463 842 1497 indebite
861 1465 960 1497 mole-

207 1518 297 1552 stari.
318 1517 579 1552 Contradictores
596 1516 757 1561 quoslibet
776 1523 808 1550 et
823 1517 961 1550 rebelles

207 1583 268 1618 per
285 1572 440 1607 censuras
462 1577 494 1606 et
505 1572 865 1616 poenasecclesiasticas
881 1572 960 1606 alia-

209 1630 490 1676 que-opportuna
523 1625 604 1658 iuris
628 1631 658 1658 et
691 1625 765 1659 sacti
799 1627 959 1666 remedia,

209 1734 395 1778 gitimisque
429 1744 528 1778 super
556 1732 608 1766 his
640 1733 798 1766 habendis
832 1734 963 1767 serratis

210 1787 427 1834 processibus,
440 1794 630 1823 censuraset
637 1799 757 1832 poenas
768 1788 853 1831 ipsas
866 1787 961 1821 etiam

212 1836 336 1871 iteratis
343 1836 468 1870 vicibus
483 1837 696 1880 aggravando,
712 1837 859 1870 invocato
867 1836 962 1869 etiam

212 1886 253 1920 ad
271 1886 347 1927 hoc,
386 1885 412 1919 si
443 1896 526 1930 opus
559 1886 669 1933 fuerit,
700 1886 819 1919 auxilio
838 1886 964 1920 brachii

213 1934 401 1968 saecularis.
440 1943 446 1950 ·

257 1983 274 2028 ᾗ
293 1983 325 2017 8.
350 1983 421 2017 Non
440 1983 641 2018 obstantibus
654 1984 756 2017 felicis
770 1984 966 2018 recordatio-

194 2033 264 2067 ·nis
282 2029 467 2077 Symmachi
491 2038 522 2066 et.
548 2033 640 2066 Pauli
672 2033 875 2078 aliorumque
902 2034 966 2067 Ro-

216 2092 387 2116 manorum
405 2082 612 2123 Pontificum,
635 2083 729 2116 etiam
742 2083 966 2126 praedecesso-

216 2136 507 2171 rumnostrorum,
533 2131 572 2164 de
596 2131 694 2164 rebus
714 2132 869 2164 ecclesiae
902 2142 966 2165 non

217 2179 407 2220 alienandis,
420 2190 476 2213 seu
496 2179 641 2213 alienatis
651 2181 895 2224 recuperandis,
910 2182 968 2214 ali-

219 2227 311 2272 isque
329 2228 514 2272 apostolicis
534 2229 818 2262 constitutionibus
838 2236 869 2263 et
885 2231 969 2263 ordi-

220 2277 416 2318 nationibu83
436 2288 564 2311 necnon
581 2278 760 2321 quibusvis,
773 2279 868 2312 etiam
881 2280 969 2313 iura-

221 2331 341 2367 mento,
364 2326 609 2361 confirmatione
629 2327 804 2370 apostolica
824 2328 872 2360 vel
892 2339 970 2371 qua-

202 2373 268 2407 ·vis
288 2374 437 2408 firmitate
448 2376 510 2409 alia
529 2376 700 2414 roboratis,
712 2376 837 2409 statutis
848 2382 878 2409 et
891 2387 969 2410 con-

225 2476 258 2505 et
275 2471 388 2505 fixeris
406 2473 590 2516 apostolicis
608 2473 784 2517 quibusvis,
812 2473 871 2506 sub
899 2475 971 2517 qui—

804 231 980 257 Gnnflonttts
1003 232 1057 256 xtn
1082 233 1127 256 ΓΡ.

205 1250 392 1291 Observan’
420 1260 469 1282 ‘ac'
514 1249 676 1292 ⁵¹ngmos’
715 1258 797 1291 quos
834 1248 981 1284 1¹¹oerae³
1001 1269 1119 1303 notarii
1139 1268 1261 1313 publici
1287 1267 1487 1311 subscriptis,
1510 1272 1540 1299 et
1560 1266 1666 1309 sigillo
1693 1267 1752 1299 ali-

211 1679 426 1725 appellatione
444 1679 633 1724 postposita,
658 1680 962 1722 compescendo;le-
981 1673 983 1688 ³

218 2423 460 2470 'suetudinibus
488 2424 657 2467 privilegiis
676 2435 818 2468 quoque,
840 2425 972 2459 indultis

225 2519 426 2565 huss-umque
446 2522 611 2555 tenoribus
635 2528 664 2555 et
690 2522 812 2561 formis,
841 2533 878 2555 ac
899 2534 972 2556 cum
991 2519 995 2561 1

227 2569 402 2612 quibusvis,
424 2571 517 2604 etiam
539 2571 817 2614 derogator-iarum
840 2572 973 2613 deroga·
992 2565 996 2599 i

202 2648 206 2651 .
228 2619 330 2660 ῑονίῑε,
361 2620 495 2664 aliisque
525 2619 758 2654 efficacioribus
790 2626 819 2653 et
840 2621 975 2654 insolitis
1016 2628 1294 2661 constitutionum,
1315 2627 1396 2660 Licet,
1412 2626 1490 2660 ibid„
1510 2633 1572 2661 pag.
1594 2626 1654 2654 394.

1644 219 1708 254 397

1005 284 1170 324 clausulis,
1207 284 1301 317 etiam
1329 289 1415 317 motu
1445 282 1579 327 proprio
1598 287 1630 315 et
1649 281 1753 316 consi-

1005 332 1187 373 storialiter,
1217 344 1253 365 ac
1287 336 1325 366 de
1361 331 1553 376 apostolicae
1589 330 1753 375 potestatis

1005 381 1205 424 plenitudine
1225 382 1395 422 concessis,
1410 380 1594 425 approbatis
1608 384 1639 413 et
1658 379 1751 413 inno-

1004 430 1092 471 vatis;
1115 430 1231 474 quibus
1251 430 1408 472 omnibus,
1447 430 1542 461 etiam
1568 428 1593 461 Si
1625 427 1664 461 de
1689 427 1752 461 illis

1003 489 1182 523 eorumque
1203 480 1275 511 totis
1311 479 1475 512 tenoribus
1498 477 1656 522 specialis,
1677 487 1750 520 spe-

1003 529 1106 569 cifica,
1134 531 1296 563 individua
1317 536 1346 562 et
1374 539 1521 573 expressa
1552 528 1674 561 mentio
1693 528 1750 561 ha-

1002 579 1107 612 benda
1127 586 1181 612 aut
1201 579 1306 622 aliqua
1329 579 1389 611 alia
1410 579 1565 622 exquisita
1584 577 1688 611 forma
1711 577 1750 610 ad

1004 629 1064 661 hoo
1093 629 1247 661 servanda.
1270 628 1363 668 soret,
1393 634 1520 661 tenores
1548 628 1747 667 huiusmodi,

1002 689 1039 711 ac
1059 677 1083 710 si
1108 678 1146 711 de
1172 678 1267 711 verbo
1288 677 1327 709 ad
1348 677 1492 717 terbum,
1520 677 1600 709 nihil
1622 675 1751 720 penitus

1002 727 1133 767 omisso,
1158 733 1187 759 et
1206 728 1308 759 forma
1326 726 1358 758 in
1376 726 1559 758 illisu-adita
1570 726 1747 766 observata,

1002 778 1113 810 inserti
1133 778 1235 810 forent
1258 775 1491 819 praesentibus.
1514 785 1572 819 pro
1593 774 1750 818 expressis

1001 827 1166 862 habentes,
1194 826 1257 858 illis
1287 826 1363 858 alias
1396 824 1428 856 iu
1453 834 1510 855 suo
1539 824 1653 857 robore
1678 833 1750 869 per-

1002 877 1173 913 mansuris„
1195 886 1231 908 ac
1262 875 1355 907 dictis
1383 873 1508 912 litteris,
1531 873 1555 905 si
1585 873 1615 905 in
1641 872 1749 915 aliquo

1001 925 1138 964 obstent,
1169 926 1229 957 hac
1260 924 1329 956 vice
1373 923 1536 955 dumtaxat
1571 921 1750 957 specialiter

1001 980 1031 1007 et
1050 985 1197 1018 expresse
1208 974 1411 1016 derogamus,
1433 971 1602 1005 contrariis
1621 970 1750 1014 quibus-

1001 1035 1153 1067 cumque.

1044 1074 1058 1116 g
1078 1072 1108 1105 9.
1141 1072 1310 1107 Ceterum,
1334 1070 1410 1114 quia
1430 1069 1559 1103 difficile
1580 1069 1661 1104 soret
1685 1083 1751 1105 eas-

1001 1123 1075 1155 dem
1099 1127 1282 1166 praesentes
1299 1121 1339 1153 ad
1359 1120 1484 1163 singula
1504 1131 1651 1163 quaeque
1670 1121 1751 1161 loca,

1001 1172 1057 1205 ubi
1074 1171 1292 1204 necessarium
1313 1169 1419 1209 suerit,
1446 1169 1582 1208 deferre,
1606 1170 1753 1203 volumus

1002 1221 1088 1264 quod
1109 1220 1238 1252 illarum
1260 1218 1591 1262 transumptis,manu
1616 1218 1752 1252 alicuius

1003 1319 1094 1352 cuius
1125 1328 1282 1362 personae
1302 1317 1334 1349 in
1359 1316 1512 1359 dignitate
1537 1316 1752 1349 ecclesiastica

1002 1368 1206 1407 constitutae,
1236 1378 1292 1399 seu
1326 1366 1420 1398 etiam
1452 1365 1552 1407 ipsius
1586 1364 1752 1397 Societatis

1002 1416 1175 1461 praepositi
1195 1415 1354 1459 generalis
1375 1414 1516 1453 munitis,
1536 1414 1646 1446 eadem
1659 1423 1751 1456 pror-

1002 1478 1055 1499 sus
1078 1467 1156 1499 fides
1181 1465 1384 1501 adhibeatur,
1406 1464 1439 1496 in
1460 1463 1578 1495 iudicio
1596 1469 1623 1495 et
1650 1468 1749 1503 extra,

1002 1527 1084 1559 quae
1114 1515 1191 1558 ipsis
1214 1513 1427 1557 originalibus
1450 1511 1564 1545 titteris
1584 1512 1753 1544 adhibere-

1003 1570 1066 1605 tur,
1093 1565 1118 1597 si
1134 1565 1240 1597 forent
1258 1563 1417 1596 exhibitae
1429 1562 1478 1595 vel
1491 1567 1648 1595 ostensae.
1667 1560 1752 1593 Nulli

1003 1626 1078 1657 ergo
1103 1619 1161 1647 etc.

1045 1665 1160 1697 Datum
1197 1662 1334 1701 Romae,
1374 1661 1460 1705 apud
1488 1660 1637 1693 Sanctum
1673 1659 1753 1691 Mar-

1004 1724 1089 1753 cum,
1105 1723 1188 1746 anno
1209 1711 1439 1744 lucarnationis
1460 1708 1641 1742 dominicae
1652 1708 1753 1740 mille-

1004 1763 1086 1796 simo
1106 1761 1364 1806 quingentesimo
1372 1758 1589 1801 octuagesimo
1600 1756 1752 1795 secundo,

1005 1811 1097 1845 nonis
1121 1810 1260 1853 augusti,
1280 1808 1486 1853 pontificatus
1504 1805 1695 1839 nostrianno
1708 1814 1751 1836 m.

1025 1870 1087 1899 Dat.
1108 1869 1154 1899 die
1173 1869 1190 1898 5
1214 1867 1333 1906 augusti
1357 1866 1444 1903 1582,
1464 1864 1567 1905 pontis.
1591 1871 1667 1892 anno
1681 1870 1723 1891 x1.

1009 2049 1098 2090 Quod
1117 2058 1272 2092 personae
1291 2046 1460 2080 Sooz‘etatis
1479 2044 1550 2077 Iesu
1570 2054 1590 2076 a
1609 2053 1756 2086 quocum-

1051 2109 1109 2142 que
1125 2098 1285 2136 antistite,
1303 2096 1398 2128 ett'am
1425 2098 1516 2126 estre!
1548 2096 1699 2135 tempora,
1719 2092 1756 2124 de

1052 2147 1185 2180 licentia
1217 2155 1348 2178 suornm
1382 2142 1614 2186 praelatorum,
1639 2141 1682 2172 ad
1707 2151 1757 2172 sa-

1052 2207 1120 2228 cros
1136 2196 1264 2227 ordines
1284 2191 1477 2236 promoveri,
1497 2191 1577 2223 etad
1592 2200 1756 2233 quoscum.-

1054 2256 1110 2289 que
1130 2245 1210 2278 alios
1218 2244 1378 2286 reyulares
1397 2241 1530 2274 Ordines
1546 2240 1758 2282 transii-epos-

1053 2296 1131 2334 sint,
1159 2293 1271 2326 habita
1296 2291 1426 2324 licentia
1453 2289 1633 2333 praepositi
1664 2299 1758 2332 yene-

1056 2342 1169 2375 ralis1.

1030 2402 1176 2436 Gregorius
1184 2400 1252 2436 Papa
1261 2399 1331 2431 XIII,
1342 2399 1376 2426 ad
1388 2397 1514 2426 futuram
1523 2398 1565 2426 rei
1574 2397 1741 2425 memoriam.

1056 2451 1149 2483 Pium
1181 2454 1212 2482 et
1244 2449 1322 2481 utile
1354 2447 1519 2481 Societatis
1537 2448 1608 2480 Iesu
1632 2446 1759 2479 institu-

1052 2512 1059 2537 1
1090 2508 1262 2542 Quamplura
1286 2506 1320 2534 de
1343 2506 1395 2534 hac
1419 2505 1557 2533 societate
1584 2504 1703 2532 indicavi
1732 2505 1761 2532 in

1014 2550 1092 2577 Pauli
1109 2549 1143 2576 III
1160 2547 1363 2575 constitutione
1380 2553 1481 2576 xxxm.
1493 2549 1560 2573 tom.
1570 2552 1680 2581 νίψῃς.
1697 2545 1759 2575 303.

1015 2590 1062 2623 qui
1079 2589 1153 2615 illam
1169 2588 1261 2621 primo
1272 2586 1446 2621 approbavit,
1465 2590 1491 2613 et
1505 2586 1531 2613 in
1556 2586 1608 2613 alia
1634 2586 1762 2613 eius¹cm

1766 225 1948 257 Aac-1582

1811 1086 1872 1107 Fide<
1885 1089 1946 1109 tvan-

1765 1120 1902 1144 sumptorum.

1800 2454 1923 2479 Exordium.
