2059 3228
784 242 878 268 mnex
898 242 1004 268 nerum
1535 240 1619 275 1073

881 350 905 384 T

122 453 302 488 Taurorum
325 454 461 498 agitatio
482 453 514 488 in
536 454 763 498 Hispaniarum
784 455 893 498 regnis
905 456 964 489 sub
976 458 1321 493 excommunicationis
1334 470 1440 505 poena
1456 462 1564 505 vetita,
1582 475 1659 508 poe·

213 509 263 542 nis
283 521 299 541 a
317 509 373 542 Pio
391 509 413 540 V
433 509 578 549 adiectis,
601 508 664 542 129
684 510 718 549 b;
742 521 821 553 quas
846 511 931 543 tollit
947 511 1122 555 Gregorius
1139 513 1215 553 Xlll,
1228 515 1335 557 quoad
1352 516 1454 554 laicos
1474 524 1506 550 et
1524 519 1656 558 milites,

211 562 388 596 dummodo
420 562 453 595 in
481 563 581 595 sacris
614 573 678 595 non
708 563 784 603 sint,
818 574 877 597 nec
904 571 1071 598 taurorum
1100 566 1294 609 agitationes
1313 568 1427 603 diebus
1452 570 1540 603 festis
1563 572 1655 612 fiant,

210 615 341 648 ibidem.

122 666 320 711 Tlieologiae
340 668 455 701 Sacrae
472 668 619 710 mag-istri
643 668 674 701 in
694 669 804 702 Italiae
824 670 1002 713 provinciis
1021 670 1162 715 eligendi
1185 683 1221 706 ex
1240 672 1359 707 Ordine
1380 675 1514 709 fratrum
1536 676 1658 710 Eremi-

211 727 316 753 tarum
337 720 445 754 Sancti
464 721 650 764 Augustini,
669 721 733 754 422
749 722 766 754 b
783 728 813 755 et
828 733 905 766 seq.;
924 733 1036 757 eorum
1053 734 1207 758 numerus
1233 732 1264 759 et
1296 728 1469 771 qualitates
1494 730 1656 772 praescri-

209 773 344 813 buntur,
363 773 428 807 4⁶23
450 784 486 813 a;
510 774 697 807 eorumdem
723 775 982 818 experimentum
1001 781 1034 809 et
1053 786 1198 817 examen,
1228 777 1294 811 424
1313 790 1353 819 a;
1380 780 1515 814 facultas
1536 782 1656 825 prioris

212 826 375 869 generalis
393 836 449 860 eos
464 827 687 870 promovendi,
703 828 781 861 ibid.
803 829 832 869 b;
855 828 1018 873 privilegii
1033 829 1297 875 quibuscumque
1317 833 1461 867 concessi
1477 835 1654 876 revocatio,

211 878 276 913 425
296 880 324 913 b.

121 932 284 966 'folentini
306 933 464 977 oppidum
482 933 514 966 in
527 933 696 976 provincia
709 933 825 966 Picena
839 934 878 967 ab
897 934 1012 968 incolis
1025 941 1058 969 et
1069 935 1236 969 beneficiis
1249 936 1407 971 dioecesis
1418 937 1656 973 Camerinensis

211 990 393 1029 separatur,
421 985 483 1019 817
504 997 523 1018 a
544 990 575 1018 et
594 986 632 1023 b:
665 991 695 1018 et
721 986 752 1019 in
774 987 936 1020 civitatem
956 987 1094 1031 erigitur
1117 988 1252 1032 eiusque
1277 990 1415 1023 ecclesia
1438 990 1574 1025 Sanctae
1591 992 1655 1025 Ma-

210 1038 278 1071 riae
299 1038 332 1071 in
352 1038 582 1078 cathedralem,
609 1038 671 1071 818
692 1051 722 1077 ιι;
746 1039 894 1072 canonici
921 1040 1065 1074 almutiis
1082 1041 1131 1074 uti
1151 1048 1300 1085 possunt,
1321 1043 1420 1082 ibicis,
1447 1045 1656 1089 episcopatus

212 1091 325 1124 unitur
348 1091 551 1135 episcopatui
573 1092 792 1132 Mar-cratensi,
815 1093 892 1126 ibid.
913 1093 942 1134 b;
965 1093 1016 1126 cui
1041 1094 1099 1127 dos
1118 1095 1311 1137 assignatur,
1334 1097 1412 1129 ibid.

121 1144 290 1178 Trinitatis
308 1144 392 1187 (SSi)
409 1144 753 1177 arcliiconfraternitas
768 1145 911 1178 ‹le-Urbe
931 1146 1101 1189 privilegia
1120 1147 1181 1180 sibi
1203 1158 1222 1180 a
1242 1148 1289 1181 Pii
1311 1148 1348 1181 lV
1363 1159 1515 1184 concessa
1539 1151 1656 1184 confir-

210 1197 292 1230 mari
310 1197 437 1231 obtinet
457 1208 474 1230 a
492 1198 646 1240 Gregorio
667 1198 750 1237 Xlll,
774 1197 833 1232 5:31
865 1210 906 1238 a;
929 1199 985 1241 qui
1006 1199 1061 1232 illa
1084 1200 1256 1234 confirmat
1275 1201 1353 1234 ibid.
1375 1202 1405 1241 b;
1428 1203 1563 1236 facultas
1593 1204 1654 1239 eli-

210 1250 308 1294 gendi
333 1261 573 1294 quemcumque
600 1251 837 1291 confessorem,
859 1251 915 1295 qui
937 1252 1040 1296 possit
1065 1254 1243 1286 confratres
1261 1254 1426 1289 absolvere
1450 1266 1468 1288 a
1487 1257 1655 1290 nonnullis

212 1302 405 1336 criminibus
421 1309 453 1336 et
473 1309 544 1335 vota
559 1309 771 1343 commutare,
794 1303 858 1337 53⁶).
874 1304 904 1340 b;
923 1310 1041 1337 statuta
1061 1311 1092 1338 et
1111 1305 1338 1343 Ordinationes
1356 1308 1529 1348 condendi,
1544 1308 1608 1342 533
1620 1320 1652 1341 a.

121 1355 288 1389 Trinitatis
306 1355 388 1400 (SS.)
402 1355 647 1399 Redemptionis
663 1355 871 1399 Captivorum
885 1355 1014 1390 Ordinis
1029 1358 1164 1400 praelati
1183 1358 1368 1392 facultatem
1383 1360 1504 1393 habent
1518 1361 1652 1395 benedi-

210 1408 303 1442 cendi
320 1419 394 1441 vasa
413 1419 515 1447 sacra,
536 1408 727 1442 vestimenta
747 1414 777 1441 et
796 1415 985 1443 ornamenta
1002 1411 1229 1449 ecclesiastica,
1249 1411 1313 1446 132
1333 1423 1354 1445 α
1373 1417 1406 1446 et
1425 1413 1454 1446 I).

121 1460 349 1507 Typographia
366 1461 517 1494 Vaticana
533 1461 683 1504 erigitur,
704 1461 762 1495 841
783 1462 812 1501 b;
831 1462 905 1495 libri
923 1463 1005 1496 sacri
1022 1464 1062 1496 ab
1078 1474 1115 1497 ea
1134 1464 1250 1497 edendi
1267 1475 1471 1508 quacumque
1486 1466 1599 1509 lingua
1613 1467 1655 1500 ad

209 1515 386 1559 puritatem
405 1515 639 1548 catholicorum
652 1516 840 1557 dogmatum
854 1516 1192 1558 conscivandamssffl
1202 1529 1234 1558 α;
1252 1518 1305 1552 cui
1320 1519 1536 1562 praeponitur
1544 1519 1652 1553 Domi-

208 1568 303 1601 nicus
326 1568 415 1607 Basa,
428 1569 506 1602 ibid.
520 1569 549 1607 b·‚
567 1567 681 1601 aCam.
704 1569 763 1611 Ap.
785 1568 900 1610 viginti
923 1569 1025 1602 millia
1041 1580 1215 1603 aureorum
1232 1567 1375 1604 mutuari
1391 1572 1554 1616 praecipit
1582 1572 1653 1605 Six-

209 1625 263 1653 tus
281 1620 305 1653 V
324 1620 410 1653 intra
428 1621 622 1654 decennium
642 1621 854 1660 restituenda,
876 1621 939 1654 843
954 1633 984 1654 α.
1005 1622 1143 1655 Montem
1163 1624 1259 1666 vulgo
1275 1624 1429 1667 Stampae
1447 1636 1484 1657 xx
1514 1625 1654 1658 millium

211 1678 377 1707 scutorum
403 1674 510 1715 erigit,
532 1674 610 1706 ibid.
628 1674 661 1711 b;
690 1684 750 1717 pro
771 1673 929 1707 fructibus
953 1674 1030 1707 dicti
1052 1676 1172 1708 montis
1188 1676 1311 1710 reditus
1332 1677 1553 1711 thesaurariae
1577 1689 1654 1722 pro-

210 1725 336 1758 vinciae
349 1725 543 1769 Campaniae
559 1726 752 1768 assignatur,
770 1725 834 1758 844
853 1736 884 1765 α;
899 1726 1114 1770 depositarius
1129 1728 1290 1770 generalis
1300 1738 1359 1772 pro
1375 1734 1521 1772 tempore
1539 1730 1578 1762 ad
1588 1735 1653 1762 sta-

211 1783 314 1811 tutam
329 1788 486 1811 summam
508 1778 751 1821 persolvendam
772 1789 805 1810 se
824 1789 947 1821 suaque
966 1779 1051 1812 bona
1067 1780 1200 1823 obliget,
1220 1781 1298 1814 ibid.
1312 1781 1347 1821 b;
1363 1782 1527 1816 montistis
1543 1782 1655 1817 huius-

211 1831 300 1864 modi
327 1836 510 1864 ceterorum
538 1830 764 1864 montistarum
794 1831 964 1875 privilegia
988 1833 1274 1867 communicantur
1293 1834 1357 1868 845
1379 1835 1409 1876 b;
1439 1835 1512 1868 novi
1534 1837 1655 1869 montis

211 1888 379 1927 protector
398 1883 618 1916 thesaurarius
635 1884 796 1926 generalis
811 1883 965 1917 Gamerae
985 1885 1190 1928 Apostolicae
1209 1887 1421 1921 constituitur
1441 1899 1514 1921 cum
1535 1898 1655 1932 oppor-

210 1935 300 1969 tunis
321 1936 528 1969 facultatibus
550 1941 582 1969 et
601 1936 736 1976 iuribus,
757 1935 820 1971 846
849 1937 877 1972 b,
902 1936 964 1972 Pro
993 1937 1054 1971 hac
1073 1938 1301 1982 Typographia
1324 1940 1533 1983 congregatio
1558 1940 1653 1975 insti-

211 1988 315 2022 tuitur
329 1999 348 2022 a
365 1989 453 2023 Sixto
473 1989 496 2020 V
511 1989 644 2032 eiusque
664 1988 878 2022 cardinalium
895 1999 1031 2023 munera
1047 1996 1251 2032 enarrantur,
1269 1990 1333 2025 930·
1350 2002 1371 2024 a
1390 1998 1420 2025 et
1439 1993 1468 2025 b.

880 2147 904 2180 U

125 2253 350 2288 Universitatis
365 2254 471 2288 Studii
491 2254 627 2288 Romani
648 2253 933 2298 congregationem
951 2254 1164 2297 erig-iiSixius
1176 2256 1241 2289 Vct
1255 2255 1424 2291 facultates
1441 2258 1654 2292 cardinalium

213 2306 363 2350 explicat.
383 2306 447 2340 993
461 2318 493 2339 a.

125 2359 218 2393 Urbis
245 2360 349 2393 almae
377 2365 497 2392 statuta
527 2360 762 2403 approbantur,
784 2358 848 2392 332
874 2371 911 2399 αῖ,
941 2371 1014 2393 curn
1039 2361 1258 2394 declaratione
1283 2363 1372 2406 quod
1397 2363 1598 2396 ordinatoria
1622 2363 1656 2396 In

214 2412 306 2445 curia
320 2412 502 2455 Capitolina
522 2418 551 2445 et
572 2412 730 2445 decisoria
755 2412 788 2444 in
808 2412 960 2446 omnibus
973 2413 1045 2445 aliis
1060 2413 1161 2446 curiis
1179 2414 1286 2454 Urbis,
1305 2420 1336 2448 et
1361 2415 1525 2449 districtus
1544 2415 1656 2450 obser-

212 2470 340 2503 ventur,
367 2465 467 2503 ibid.;
497 2464 709 2507 reintegratio
735 2464 968 2498 iurisdictionis
988 2471 1020 2498 et
1040 2465 1238 2498 indultorum
1259 2466 1507 2501 universitatum
1536 2469 1655 2502 artium

212 2517 319 2557 Urbis,
342 2522 545 2560 praeservata
573 2516 802 2560 superioritate
831 2517 1058 2559 gubernatoris
1082 2524 1114 2551 et
1137 2518 1276 2551 aliorum
1302 2519 1459 2560 iudicum,
1492 2520 1555 2554 332
1581 2522 1597 2553 b
1624 2527 1656 2554 et

213 2581 276 2613 seq.
295 2569 470 2603 declaratio
492 2569 578 2612 quod
599 2569 789 2602 constitutio
810 2570 1010 2613 praeinserta
1024 2581 1090 2603 non
1105 2571 1308 2614 praeiudicet
1322 2572 1529 2607 facultatibus
1539 2574 1656 2618 guber-

214 2623 338 2656 natoris
357 2622 463 2661 Urbis,
486 2621 647 2665 capitanei
665 2622 919 2665 appellationum
942 2629 972 2656 et
993 2623 1131 2656 aliorum
1153 2624 1310 2664 iudicum,
1331 2624 1395 2658 335
1412 2637 1444 2658 a.

252 2676 326 2706 81111.
353 2675 426 2706 Rom.
450 2675 506 2704 t'ol.
536 2674 607 2704 t'lll.
851 2675 903 2705 135
