2059 3228
183 262 235 290 An.
249 261 275 287 c.
292 258 358 286 1577
420 245 484 279 196

377 359 566 398 civitatibus,
590 358 684 392 terris
700 363 730 391 et
750 358 827 391 locis
847 358 953 391 Status
973 358 1125 390 Ecclesia-

378 412 447 445 stici
470 411 614 454 praefati,
638 411 692 444 ubi
727 422 807 455 opus
838 411 944 451 suerit,
964 411 1123 455 publicari

377 471 405 497 et
427 464 586 497 notificari
599 470 724 505 curent,
739 476 774 497 ac
788 465 827 497 ad
841 464 1039 497 exactionem
1051 475 1126 507 poe-

378 528 492 549 narum
514 517 766 560 praedictarum,
789 527 995 560 quacumque
1015 517 1124 560 appel-

377 570 496 602 latione
518 575 654 609 remota,
668 570 832 612 quibusvis
845 570 1037 613 opportunis
1048 569 1125 601 iuris

377 628 405 654 et
427 623 500 654 faeti
522 623 674 655 remediis
694 623 867 667 procedant
884 628 914 656 et
935 623 1067 667 procedi
1084 624 1127 654 fa-

377 675 473 708 ciant.
496 676 753 710 Contradictores
770 688 807 710 ac
823 676 1071 720 praemissorum
1092 686 1126 708 e-

376 728 581 761 xecutionem
591 730 834 773 quomodolibet
848 730 1060 773 impedientes
1072 739 1127 772 per

377 782 557 824 praedictas
568 788 598 815 et
616 783 695 815 alias
705 782 912 826 pecuniarias
923 793 960 815 ac
972 781 1032 815 sibi
1044 782 1125 814 visas

377 844 510 877 poenas,
525 834 618 868 etiam
633 836 721 868 omni
742 836 958 879 appellatione
972 841 1126 874 cessante,

378 893 595 930 compescant.
615 889 719 932 Super
738 889 855 932 quibus
875 888 1024 921 omnibus
1043 888 1128 920 aliis-

379 951 441 983 que
461 940 545 974 circa
580 953 616 974 ea
650 941 838 975 necessariis
868 947 899 974 et
936 941 1127 985 opportunis

378 993 506 1036 plenam
527 1000 556 1027 et
584 994 721 1027 liberam
748 1004 806 1037 per
825 994 954 1026 easdem
974 1004 1127 1037 praesen-

378 1051 424 1079 tes
449 1046 528 1089 ipsis
550 1047 759 1080 concedimus
784 1047 982 1080 facultatem.

421 1098 486 1142 §3
511 1099 580 1132 Non
612 1099 813 1133 obstantibus
843 1099 1127 1133 constitutionibus

377 1157 407 1184 et
427 1152 687 1186 ordinationibus
707 1152 903 1197 apostolit·is;
926 1163 1053 1185 necnon
1069 1158 1129 1185 sta-

377 1205 468 1245 tutis,
491 1205 792 1246 consuetudinibus,
815 1206 910 1239 etiam
932 1206 1126 1245 iuramento,

377 1258 623 1292 confirmatione
644 1259 820 1302 apostolica
836 1260 883 1292 vel
899 1259 1009 1302 quavis
1030 1259 1128 1291 sirmi-

377 1316 440 1344 tate
473 1312 535 1344 alia
568 1312 739 1352 roboratis,
772 1312 947 1356 privilegiis
985 1322 1126 1357 quoque,

378 1364 511 1397 indultis
532 1370 563 1398 et
586 1365 699 1398 litteris
719 1365 904 1409 apostolicis
917 1366 1129 1399 communita-

378 1418 475 1458 tibus,
499 1418 761 1452 universitatibus
782 1430 819 1452 ac
838 1420 985 1463 personis
996 1419 1129 1463 quibus-

379 1481 530 1514 cumque,
544 1471 653 1511 etiam,
670 1476 704 1504 ut
716 1472 908 1515 praefertur,
925 1473 1129 1515 qualificatis,

379 1528 475 1561 etiam
496 1534 586 1562 motu
602 1529 698 1562 simili
717 1529 766 1563 vel
786 1530 865 1563 alias
876 1531 1132 1574 quomodocum-

379 1597 442 1629 que
463 1591 494 1619 et
514 1587 795 1630 qualitercumque
815 1588 988 1628 concessis,
1010 1589 1130 1622 confir-

381 1644 474 1677 matis
489 1650 519 1677 et
531 1644 699 1685 innovatis;
717 1645 837 1688 quibus
850 1645 1001 1679 omnibus
1017 1656 1131 1679 eorum

382 1707 519 1742 tenores,
532 1713 568 1735 ac
579 1702 604 1735 si
612 1703 651 1735 de
661 1703 756 1736 verbo
766 1703 806 1736 ad
813 1703 946 1736 verbum
955 1703 1132 1738 insereren-

382 1761 679 1804 turpraesentibus‚
694 1771 753 1804 pro
765 1761 963 1794 sufficienter
974 1762 1132 1806 expressis

382 1817 549 1859 habentes,
573 1818 613 1851 ad
635 1819 785 1852 effectum
805 1819 1036 1862 praesentium,
1060 1831 1132 1867 spe-

384 1874 509 1908 cialiter
529 1881 558 1908 et
572 1886 719 1919 expresse
732 1875 938 1918 derogamus,
961 1877 1133 1909 contrariis

383 1933 657 1977 quibuscumque3
679 1939 734 1966 aut
757 1933 782 1966 si
797 1933 969 1976 aliquibus,
984 1945 1132 1967 commu-

384 1990 470 2023 niter
493 1990 546 2023 vel'
569 1990 708 2029 divisim,
731 1991 770 2023 ab
790 1991 902 2023 eadem
922 1990 961 2023 sit
982 1991 1063 2024 Sede
1083 1991 1133 2024 in-

386 2048 512 2081 dultum
533 2048 620 2091 quod
652 2048 815 2087 interdici,
837 2049 991 2092 suspendi
1010 2049 1058 2089 vel
1084 2060 1134 2081 ex—

387 2105 623 2139 communicari
643 2116 707 2139 non
727 2105 851 2149 possint
874 2116 932 2149 per
958 2105 1080 2138 litteras
1100 2118 1134 2138 a·

386 2164 560 2207 postolicas
593 2172 657 2195 non
687 2163 841 2196 facientes
873 2163 1000 2205 plenam
1032 2169 1061 2196 et
1083 2174 1135 2196 ex-

389 2231 530 2265 pressam
564 2232 602 2254 ac
621 2221 660 2253 de
690 2220 786 2253 verbo
806 2221 845 2252 ad
865 2220 999 2253 verbum
1019 2221 1058 2266 de
1085 2221 1135 2254 in-

389 2277 479 2310 dulto
498 2277 685 2311 huiusmodi
706 2277 916 2310 mentionem.

435 2335 449 2377 ἓ
468 2334 500 2367 4.
522 2335 676 2368 Volumus
692 2341 798 2368 autem
819 2335 1037 2378 praesentium
1053 2342 1138 2368 tran-

392 2392 528 2434 sumptis
547 2397 604 2425 etc.

436 2448 550 2481 Datum
578 2449 697 2482 Romae
735 2449 820 2493 apud
845 2450 876 2483 S.
909 2450 1052 2489 Petrum,
1079 2450 1139 2482 sub

393 2506 514 2538 annulo
551 2506 733 2547 piscatoris,
767 2507 817 2540 die
854 2516 928 2540 xvin
958 2505 1140 2539 decembris

393 2573 551 2604 MDLXXVH,
575 2566 782 2608 pontificatus
806 2566 907 2599 nostri
927 2576 1012 2599 anno
1032 2575 1072 2598 γι,

176 1121 295 1142 Clausulas
311 1121 351 1140 de-

173 1149 305 1173 regaturne.

407 2625 469 2656 Dat.
493 2626 539 2656 die
562 2628 597 2657 18
614 2628 743 2658 decemb.
765 2629 850 2664 1577,
869 2628 972 2668 pontis.
993 2638 1069 2659 anno
1089 2634 1126 2658 ri.
1159 2634 1162 2651 ι
1183 2623 1213 2656 in
1238 2624 1382 2657 futurum
1412 2621 1543 2656 edendis
1566 2626 1598 2655 et
1616 2619 1818 2661 emittendis,
1843 2629 1927 2664 quae

965 251 1142 277 BULLAnirM
1166 249 1315 274 nonaum

377 306 502 339 debitae
524 305 725 345 demandari,
748 314 874 338 necnon
894 303 925 337 in
937 304 1122 348 provinciis,
1165 302 1318 346 Sequitur
1334 301 1433 333 latior
1448 301 1627 344 prohibitio
1638 300 1911 344 ea‘lraleendifm-

1153 2037 1157 2059 ¹
1175 2043 1230 2070 aut
1257 2037 1412 2082 episcopi,
1432 2036 1678 2081 archiepiscopi,
1703 2037 1919 2082 patriarchae,

1899 0 2020 173 i

1970 161 2008 216 ε.

1954 235 1964 239 -
1982 219 1997 250 ⁴}
2006 232 2010 238 .

1921 248 1971 278 An.
1981 249 2012 281 c.

1211 360 1318 388 incula
1339 359 1396 388 etc.
1430 359 1523 388 coetra
1551 355 1682 388 Statum
1706 355 1909 388 Ecclesiasti-

1210 420 1294 448 cmn,
1321 412 1349 441 et
1387 408 1584 450 impediendi
1607 409 1772 451 afferentes
1792 408 1851 440 illa
1870 407 1913 440 ad

1214 462 1340 501 Vrbem,
1363 465 1390 493 et
1413 461 1539 493 emendi
1571 461 1659 494 ultra
1689 471 1784 493 usum
1815 461 1913 494 unius

1209 515 1304 554 anni,
1327 518 1355 546 ct
1369 514 1533 546 renovatio
1553 513 1765 546 indultorum.

1167 594 1310 629 Gregorius
1320 593 1388 629 Papa
1397 593 1465 626 xm.
1475 593 1508 621 ad
1518 593 1680 628 perpetuam
1695 593 1736 622 rei
1744 594 1913 621 memoriam.

1211 655 1296 687 Inter
1316 654 1510 698 multiplices
1521 654 1613 688 nobis
1628 666 1664 688 cx
1674 656 1737 688 alto
1749 655 1912 688 commissi

1169 708 1335 751 ¹nister-alis
1355 708 1451 741 officii
1477 719 1583 748 curas,
1611 708 1650 741 ad
1683 719 1754 741 eam
1777 707 1914 741 libenter

1168 761 1374 801 intendimus,
1395 772 1452 805 per
1471 772 1568 804 quam
1588 761 1621 794 in
1636 762 1726 795 Statu
1736 767 1847 795 nostro
1857 762 1916 794 Ec-

1168 815 1346 847 clesiastico
1367 826 1514 848 annonae
1526 815 1724 848 abundantia
1743 815 1913 856 habeatur,
1997 844 2002 855 4

1168 873 1198 901 et
1218 868 1336 901 subditi
1353 868 1454 901 nostri
1469 869 1502 901 in
1526 879 1635 902 rerum
1656 869 1799 901 humano
1818 869 1915 902 victui
1997 877 2004 893 t

1168 922 1422 955 necessariarum
1443 922 1572 966 copiosa
1595 922 1759 955 affluentia
1782 922 1845 956 late
1867 922 1915 955 vi·
1994 896 2012 967 ᾇ,

1168 980 1250 1014 vam,
1263 985 1367 1019 neque
1379 975 1507 1008 illarum
1520 975 1657 1019 penuria
1673 974 1912 1019 opprimantur.

1168 1027 1259 1066 Quod
1280 1033 1315 1060 ut
1333 1028 1400 1068 fiat,
1418 1028 1615 1071 experientia
1634 1039 1744 1062 rerum
1764 1029 1916 1072 magistra

1168 1081 1312 1121 docente,
1334 1081 1365 1113 id
1386 1082 1522 1114 maxime
1542 1082 1757 1115 necessarium
1778 1093 1845 1115 esse
1861 1093 1916 1116 co-

1169 1133 1337 1176 gnovimus
1375 1140 1411 1167 ut
1448 1145 1486 1168 ne
1511 1135 1580 1178 ipsa
1617 1145 1746 1168 annona
1770 1146 1787 1168 e
1824 1135 1913 1169 Statu

1169 1193 1279 1220 nostro
1317 1189 1481 1231 praedicto
1514 1189 1711 1227 extrahatur,
1739 1194 1840 1233 utque
1877 1189 1916 1222 ad

1170 1241 1287 1273 almam
1326 1241 1442 1274 Urbem
1475 1247 1618 1274 nostram
1648 1242 1791 1285 undique
1815 1242 1918 1276 libere

1169 1293 1335 1335 afferatur,
1364 1305 1469 1338 neque
1493 1295 1700 1328 afferentibus
1723 1287 1835 1328 ⁴ullum
1856 1295 1918 1328 im-

1170 1346 1390 1390 pedimentum
1428 1353 1620 1391 praestetur,
1660 1359 1766 1392 neque
1802 1348 1916 1392 aliqui,

1171 1400 1311 1443 propriis
1335 1400 1513 1433 commodis
1532 1401 1707 1441 studentes,
1730 1407 1842 1434 contra
1856 1412 1916 1445 pu-

1170 1453 1288 1486 blicam
1309 1454 1480 1487 utilitatem
1496 1455 1535 1487 de
1547 1454 1597 1486 his
1618 1454 1713 1487 rebus
1732 1454 1920 1499 monopolia
2012 1499 2014 1501 ‚

1171 1506 1275 1540 facere
1290 1507 1426 1548 valeant,
1444 1506 1533 1540 omni
1553 1507 1660 1540 studio
1679 1507 1916 1551 provideamus.
2005 1504 2021 1546 ξ’

1215 1560 1230 1602 ἓ
1255 1560 1285 1592 1.
1309 1560 1432 1593 Idcirco
1452 1571 1521 1601 nos,
1543 1571 1602 1604 pro
1622 1560 1722 1593 nostri
1747 1560 1844 1596 officii
1864 1561 1920 1594 de·
1957 1552 2031 1597 prohib

1172 1612 1251 1654 bito,
1274 1613 1307 1646 in
1328 1613 1512 1657 praemissis
1541 1619 1722 1657 opportune
1752 1613 1920 1657 providere
1931 1605 2032 1660 {fflssffi

1171 1666 1324 1707 volentes,
1346 1672 1433 1700 motu
1454 1667 1586 1710 proprio
1606 1673 1637 1700 et
1656 1678 1693 1700 ex
1712 1673 1798 1700 certa
1811 1672 1922 1700 nostra

1173 1718 1306 1752 scientia
1333 1730 1370 1753 ac
1399 1725 1524 1752 matura
1554 1719 1798 1761 deliberatione,
1833 1719 1921 1763 quod
2019 1728 2021 1730 '

1174 1772 1255 1804 nulli
1276 1772 1368 1805 nobis
1398 1777 1429 1806 et
1458 1773 1489 1805 S.
1517 1772 1553 1805 R.
1577 1772 1611 1805 E.
1635 1772 1773 1805 mediate
1794 1773 1843 1806 vel
1863 1773 1924 1806 im·
2005 1733 2025 1806 ξ

1174 1825 1310 1859 mediate
1347 1826 1496 1866 subiecti,
1533 1826 1767 1869 cuiuscumque
1808 1831 1920 1867 status,
2012 1831 2025 1838 ”

1173 1879 1304 1921 gradus,
1326 1879 1448 1912 ordinis
1482 1885 1510 1912 et
1543 1879 1736 1912 conditionis
1773 1879 1920 1919 existant,

1174 1931 1270 1964 etiam
1286 1932 1311 1965 si
1326 1933 1474 1971 barones,
1490 1931 1663 1972 domicelli,
1679 1931 1822 1973 comites,
1836 1943 1922 1966 mar-

1175 1984 1306 2018 chiones
1325 1986 1374 2018 vel
1398 1985 1496 2018 duces
1521 1990 1551 2018 et
1572 1984 1694 2021 domini
1715 1985 1919 2029 temporales,

1950 670 2020 707 ψ

1995 719 2003 738 'a

1176 2091 1223 2123 vel
1244 2091 1340 2123 etiam
1361 2092 1392 2124 S.
1415 2091 1451 2123 R.
1474 2091 1508 2123 Ε.
1538 2090 1718 2123 cardinales
1747 2090 1920 2130 extiterint,

1176 2144 1234 2176 sub
1254 2143 1596 2177 excommunicationis
1615 2144 1746 2177 maioris
1766 2155 1803 2177 ac
1819 2144 1923 2178 laesae

1177 2197 1351 2230 maiestatis
1376 2197 1531 2236 criminis,
1560 2196 1779 2230 dominiorum
1808 2202 1840 2230 et
1868 2197 1924 2230 bo-

1177 2260 1294 2283 norum
1314 2261 1447 2283 suorum
1482 2250 1731 2290 confiscationis,
1753 2249 1923 2283 feudorum

1177 2303 1359 2336 amissionis
1391 2309 1420 2337 et
1458 2303 1646 2347 quorumvis
1682 2302 1922 2347 privilegiorum

1179 2357 1398 2399 suspensionis
1417 2362 1448 2390 et
1466 2356 1545 2397 aliis,
1584 2355 1678 2389 etiam
1716 2354 1922 2399 pecuniariis,

1179 2410 1311 2444 arbitrio
1330 2420 1440 2443 nostro
1459 2408 1661 2454 imponendis
1675 2407 1923 2452 etapplicaudis,

1180 2474 1217 2496 ac
1236 2464 1332 2497 etiam
1364 2464 1396 2496 in
1425 2462 1562 2507 publicis
1591 2461 1703 2496 edictis
1734 2465 1765 2495 et
1796 2461 1924 2505 procla-

1182 2516 1319 2549 matibus
1338 2527 1396 2560 per
1409 2516 1589 2560 praefectos
1611 2525 1758 2548 annonae
1772 2524 1832 2558 pro
1846 2519 1927 2547 tem-

1181 2579 1259 2611 pore.
1279 2574 1343 2602 tam
1367 2569 1523 2602 hactenus
1538 2567 1630 2601 editis
1644 2572 1675 2600 et
1696 2565 1818 2600 emissis
1827 2576 1925 2610 quam
