2059 3228
37 0 127 115 {A

56 116 57 119 ,
70 103 73 105 ”
135 106 146 117 ο

56 124 65 137 'A

41 213 89 274 „e
105 235 170 265 ¹582

182 342 319 386 reperiri
341 343 440 387 possit
464 343 495 376 in
520 347 726 387 perpetuum.

225 395 314 440 512.
345 396 408 430 Nos
438 396 548 439 igitur,
570 402 605 429 ut
636 396 724 440 quod
758 396 927 440 proprium

44 456 167 480 amantum
182 449 345 484 Pontilicis
366 449 492 483 Maximi
517 460 585 483 esse
612 450 692 483 solet
715 460 924 492 exequamur,

53 489 168 547 '‘iim'''m
181 501 404 536 kalendarium
429 502 586 536 immensa
615 502 670 536 Dei
708 513 783 544 erga
816 502 925 535 Eccle-

181 555 260 590 siam
280 566 370 589 suam
391 556 588 599 benignitate
604 556 666 588 iam
687 560 868 588 correctum
883 560 926 588 ut-

180 619 243 653 que
267 608 451 643 absolutum
471 609 533 642 hoc
557 614 666 642 nostro
685 608 815 641 decreto
849 620 925 652 pro-

179 661 305 703 bamus,
327 667 358 695 ct
381 661 501 696 Romae
521 673 585 695 una
605 672 678 695 cum
700 662 924 705 martyrologio

178 715 334 760 imprimi,
372 715 631 760 impressumque
669 714 823 757 divulgari
861 715 925 748 ius-

178 767 290 802 simus.
566 794 572 799 .

221 822 237 866 §
257 821 310 856 13.
333 822 373 855 Ut
396 833 470 856 vero
495 827 669 866 utrumque
706 821 825 865 ubique
861 827 923 855 ter-

0 894 1 902 1
41 881 288 910 kinnim-rarum
323 876 550 920 incorruptum
572 887 610 910 ac
630 876 754 909 mendis
779 881 809 909 et
833 887 923 909 erro—

44 913 164 966 ‘'iiiiiiii
177 928 266 962 ribus
286 935 458 973 purgatum
479 934 633 970 servetur,
651 929 802 962 omnibus
817 929 850 962 in
865 940 923 963 no-

43 973 92 998 ffi'
117 974 137 1002 ¹³
176 987 242 1016 stro
261 988 292 1016 et
311 983 342 1017 S.
362 983 398 1016 R.
426 983 460 1015 E.
487 983 630 1016 dominio
649 983 786 1016 mediate
803 983 851 1016 vel
866 983 925 1015 im-

175 1034 313 1069 mediate
337 1036 481 1069 subiecto
495 1035 771 1069 commorantibus
790 1036 924 1080 impres-

175 1089 313 1130 soribus,
336 1089 395 1123 sub
412 1089 593 1122 amissionis
612 1089 771 1122 librorum
792 1100 829 1122 ac
849 1100 923 1123 cen-

177 1147 244 1175 tum
265 1142 456 1176 ducatorum
469 1143 540 1175 auri
555 1142 706 1176 Gamerae
722 1142 923 1186 Apostolicae

177 1195 246 1240 ipso
269 1196 352 1230 sacto
372 1196 653 1241 applicandoru1n3
675 1196 746 1230 aliis
778 1208 864 1237 vero,
891 1198 922 1230 in

177 1261 382 1294 quacumque
420 1250 506 1284 orbis
535 1256 624 1294 parte
662 1250 920 1292 consistentibus,

177 1304 236 1337 sub
260 1304 600 1338 excommunicationis
637 1304 719 1338 latae
746 1305 923 1338 sententiae

177 1368 214 1391 ac
237 1357 308 1391 aliis
327 1358 450 1391 arbitrii
483 1358 584 1391 nostri
617 1358 749 1402 poenis,
785 1369 825 1392 ne
855 1359 923 1392 sine

177 1416 285 1444 nostra
308 1410 436 1445 licentia
466 1411 686 1445 kalendarium
720 1417 775 1444 aut
808 1418 925 1456 marty-

178 1463 348 1508 rologium,
376 1465 471 1498 simul
496 1466 544 1499 vel
581 1465 773 1508 separatim,
809 1466 923 1509 impri-

178 1528 266 1551 mere
285 1518 333 1551 vel
357 1529 552 1562 proponere,
589 1524 644 1551 aut
676 1518 820 1562 recipere
857 1519 923 1552 ullo

178 1570 273 1604 modo
310 1571 449 1605 audeant
478 1572 527 1605 vel
564 1577 784 1616 praesumant,
811 1572 922 1616 prohi-

177 1624 302 1658 bemus.

221 1678 237 1721 g
268 1677 321 1711 lli.
363 1678 518 1711 Tollimus
551 1684 658 1711 autem
695 1684 726 1711 et
759 1679 925 1713 abolemus

46 1735 88 1758 ἀπ’
112 1741 165 1772 «111οῑ
178 1732 311 1764 omnino
338 1737 428 1764 vetus
456 1731 691 1771 kalendarium,
713 1727 931 1777 volumusque

42 1771 165 1826 eipfii'e‘pi'ii
178 1789 213 1817 ut
232 1795 343 1818 omnes
362 1784 576 1829 patriarchae,
612 1785 779 1828 primates,
798 1786 924 1819 archie-

47 1828 165 1888 ,2'1‘2‘2ffi
177 1837 314 1882 piscopi,
336 1838 492 1882 episcopi,
511 1838 640 1871 abbates
660 1845 691 1871 et
710 1839 807 1872 ceteri
825 1841 925 1873 eccle-

41 1894 97 1948 ιζ’·’ζ
133 1891 298 1924 ¹⁰·siarum
336 1891 499 1935 praesides
552 1902 669 1924 novum
702 1892 923 1926 kalendarium

178 1944 229 1989 (ad
262 1945 347 1989 quod
368 1945 462 1978 etiam
483 1945 724 1979 accommodata
762 1951 807 1978 est
845 1947 925 1980 ratio

178 1998 419 2042 martyrologii),
440 2009 499 2042 pro
525 1997 636 2031 divinis
655 1999 769 2032 officiis
788 1999 925 2032 recitan-

178 2050 226 2085 dis
249 2057 280 2085 et
299 2051 385 2084 sestis
404 2051 615 2092 celebrandis,
638 2051 670 2083 in
695 2062 768 2085 suas
788 2053 925 2097 quisque

179 2104 340 2145 ecclesias,
355 2105 562 2145 monasteria,
582 2110 770 2144 conventus,
782 2105 923 2147 ordines,

179 2157 309 2191 militias
337 2163 368 2191 et
399 2157 561 2203 dioeceses
591 2158 808 2199 introducant,
839 2164 869 2191 et
889 2170 926 2192 eo

179 2211 246 2245 soto
267 2217 409 2252 utantur,
430 2217 495 2244 tam
516 2211 576 2255 ipsi
592 2218 689 2255 quam
705 2212 802 2245 ceteri
815 2223 927 2246 omnes

180 2264 355 2308 presbyteri
375 2269 405 2297 et
424 2264 532 2297 clerici
563 2265 744 2298 saeculares
778 2271 808 2297 et
832 2276 926 2308 regu-

180 2317 263 2350 lares
287 2316 456 2361 utriusque
475 2328 579 2357 sexu&
597 2328 723 2350 necnon
754 2317 870 2351 milites
899 2324 928 2351 et

180 2381 292 2403 omnes
312 2369 546 2408 christifideles,
570 2370 662 2403 cuius
696 2381 773 2403 usus
797 2371 929 2415 incipiet

183 2427 252 2466 post
270 2424 380 2457 decem
401 2422 472 2456 illos
505 2422 572 2456 dies
591 2434 628 2455 ex
661 2434 770 2456 mense
805 2424 928 2457 octobri

181 2471 255 2505 :inni
266 2481 415 2505 iincxxxn
427 2474 600 2514 exemptos.
616 2471 658 2504 ’iis
670 2482 756 2512 vero,
778 2472 832 2515 qui
849 2473 927 2506 adeo

183 2520 374 2563 longinquas
410 2519 556 2552 incolunt
590 2520 750 2561 regiones,
785 2525 820 2552 ut
856 2526 928 2554 ante

184 2569 416 2612 praescriptum
438 2579 456 2601 a
476 2568 569 2601 nobis
589 2574 716 2612 tempus
735 2568 850 2601 harum
879 2569 929 2602 lit-

219 2627 228 2654 1
251 2625 326 2653 Haec
340 2625 487 2661 prohibitio
504 2626 556 2653 suit
574 2629 670 2661 postea
692 2629 830 2653 revocata.

781 235 956 261 Gnuoomus
975 234 1029 259 xm
1050 235 1098 260 rr.

184 290 286 337 prius,
308 295 343 324 ut
363 291 395 324 in
424 289 557 335 proprio
588 299 712 323 canone
738 289 926 333 explicatur,
973 293 1112 321 terarum
1141 289 1282 324 notitiam
1303 289 1421 323 babere
1441 300 1507 324 non
1528 292 1659 335 possint,
1679 294 1718 328 li·

1607 225 1672 264 389

971 348 1052 382 ceat,
1071 342 1182 376 codem
1203 348 1309 376 tamen
1337 344 1460 377 octobri
1492 355 1600 379 mense
1635 346 1717 382 inse·

970 396 1097 440 quentis
1124 397 1199 429 anni
1225 407 1384 431 uanxxni
1408 398 1455 431 vel
1473 398 1615 441 alterius,
1643 411 1717 435 cum

973 449 1114 493 primum
1126 450 1296 482 scilicetad
1311 461 1363 484 cos
1374 451 1434 484 hae
1449 456 1576 486 nostrae
1592 453 1717 488 litterae

970 503 1184 546 pervenerint,
1221 504 1315 537 modo
1346 516 1363 537 a
1387 505 1480 539 nobis
1515 507 1611 551 paulo
1644 514 1717 542 ante

970 556 1096 596 tradito,
1117 556 1274 590 eiusmodi
1309 558 1518 592 mutationem
1539 561 1655 602 facere,
1683 567 1718 595 ut

970 609 1132 652 copiosius
1152 610 1182 642 in
1204 616 1313 643 nostro
1334 611 1518 646 kalendario
1548 613 1622 647 anni
1644 626 1715 649 cor-

969 663 1121 696 rectionis
1142 664 1363 707 explicabitur.

1013 717 1026 759 g
1048 717 1101 749 15.
1124 717 1184 750 Pro
1205 717 1277 750 data
1296 724 1401 751 autem
1427 720 1518 752 nobis
1538 732 1555 754 a
1579 722 1714 756 Domino

968 769 1155 803 auctoritate
1174 771 1343 804 hortamur
1362 776 1392 804 et
1411 783 1559 815 rogamus
1590 776 1715 809 carissi-

968 833 1056 854 mum
1075 822 1106 855 in
1127 822 1251 856 Christo
1283 824 1384 857 filium
1416 831 1560 859 nostrum
1595 828 1715 862 Rodul-

967 876 1069 920 phum
1090 877 1307 910 Romanorum
1342 888 1449 921 regem
1484 880 1652 920 illustrem,
1684 883 1714 916 in

967 930 1194 974 imperatorem
1224 931 1380 972 electum,
1405 937 1592 977 ceterosque
1613 946 1714 979 reges,

966 983 1130 1028 principes
1149 995 1186 1017 ac
1209 985 1608 1031 respublicas,iisdemque
1630 1000 1716 1022 man-

961 1037 1079 1069 damus
1103 1042 1138 1070 ut
1157 1048 1221 1080 quo
1241 1038 1347 1071 studio
1365 1039 1411 1071 illi
1432 1050 1449 1072 a
1468 1040 1560 1073 nobis
1584 1048 1715 1075 conten-

966 1090 1092 1129 derunt,
1113 1096 1148 1124 ut
1164 1091 1226 1124 hoc
1247 1097 1310 1124 tam
1332 1094 1534 1136 praeclarum
1551 1105 1633 1139 opus
1646 1107 1715 1138 per-

967 1144 1149 1185 ficeremus
1172 1145 1297 1186 eodem,
1323 1146 1422 1180 immo
1455 1148 1549 1180 etiam
1581 1149 1712 1187 maiore,

966 1197 1005 1230 ad
1026 1199 1275 1231 conservandam
1296 1198 1328 1231 in
1345 1199 1545 1233 celebrandis
1565 1201 1714 1235 festivita-

966 1250 1051 1282 tibus
1076 1251 1159 1284 inter
1178 1251 1368 1286 christianas
1405 1254 1550 1287 nationes
1579 1265 1714 1288 concor-

966 1303 1063 1344 diam,
1087 1301 1241 1338 nostrum‘
1258 1306 1320 1338 hoc
1341 1306 1561 1340 kalendarium
1592 1313 1622 1341 et
1655 1308 1713 1351 ipsi

966 1357 1156 1400 suscipiant,
1180 1363 1210 1391 et
1228 1369 1246 1391 a
1266 1359 1390 1392 cunctis
1409 1360 1467 1393 sibi
1490 1360 1640 1394 subiectis
1660 1372 1715 1404 po-

967 1409 1051 1453 pulis
1072 1411 1218 1453 religiose
1238 1413 1477 1456 suscipiendum
1504 1414 1713 1458 inviolateque

966 1464 1201 1497 observandum
1219 1471 1342 1498 curent.

1011 1518 1026 1560 §
1046 1517 1098 1550 116.
1121 1518 1251 1559 Verum,
1277 1519 1352 1562 quia
1372 1519 1500 1552 difficile
1521 1521 1601 1553 soret
1621 1531 1713 1564 prae-

967 1576 1071 1604 sentes
1091 1571 1212 1605 litteras
1232 1572 1271 1605 ad
1291 1572 1437 1606 universa
1472 1573 1636 1607 christiani
1661 1585 1713 1607 01-

967 1624 1014 1657 'iis
1034 1625 1103 1657 loca
1123 1625 1252 1665 deferri,
1275 1625 1346 1658 illas
1365 1626 1404 1658 ad
1424 1626 1574 1660 basilicae
1594 1628 1715 1660 Princi-

967 1678 1017 1722 pis
1040 1679 1269 1721 Apostolorum
1290 1685 1320 1713 et
1339 1680 1554 1714 Cancellariae
1579 1682 1713 1725 Aposto-

968 1731 1047 1764 licae
1067 1732 1180 1771 valvas,
1198 1737 1228 1765 et
1248 1733 1279 1765 in
1299 1733 1367 1766 acie
1387 1733 1496 1776 Cmupi
1526 1734 1637 1767 Florae
1657 1745 1714 1777 pu-

967 1784 1080 1817 blicari
1100 1790 1131 1817 et
1150 1785 1247 1828 affigi;
1279 1791 1309 1818 et
1328 1787 1514 1820 earumdem
1536 1787 1713 1820 litterarum

967 1838 1134 1882 exemplis,
1153 1839 1248 1872 etiam
1268 1840 1480 1883 impi·essis,et
1500 1841 1714 1873 voluminibus

968 1892 1144 1925 kalendarii
1165 1898 1195 1925 et
1206 1894 1421 1936 martyrologii
1444 1893 1570 1926 insertis
1582 1899 1714 1937 etprae-

969 1946 1092 1989 positis,
1133 1946 1196 1979 sive
1238 1957 1333 1984 manu
1373 1947 1555 1980 tabellionis
1592 1947 1713 1991 publici

968 1999 1167 2043 subscriptis,
1208 2010 1332 2033 necnon
1363 1999 1465 2041 sigillo
1496 2010 1651 2043 personae
1682 1999 1713 2032 in

968 2052 1121 2095 dignitate
1142 2052 1355 2085 ecclesiastica
1365 2052 1553 2085 constitutae
1569 2052 1715 2095 obsigna-

968 2105 1019 2145 tis,
1042 2106 1188 2138 eamdem
1210 2116 1340 2147 prorsus
1374 2105 1583 2137 indubitatam
1619 2105 1715 2138 fidem

969 2159 1088 2202 ubique
1099 2159 1242 2202 gentium
1257 2164 1286 2191 et
1301 2159 1445 2191 locorum
1464 2157 1573 2190 haberi
1594 2158 1716 2201 praeci-

971 2212 1088 2254 pimus,
1110 2222 1193 2255 quae
1213 2211 1422 2253 originalibus
1438 2210 1549 2243 litteris
1569 2212 1715 2245 exhibitis

969 2265 1101 2297 omnino
1121 2264 1305 2297 haberetur.

1013 2318 1027 2359 ᾗ
1047 2317 1099 2350 17.
1122 2317 1206 2350 Nulli
1227 2327 1303 2359 ergo
1323 2316 1454 2349 omnino
1474 2317 1642 2351 hominum
1676 2319 1714 2351 li-

970 2377 1037 2403 ceat
1058 2371 1140 2403 hanc
1160 2370 1309 2413 paginam
1325 2375 1508 2402 nostrorum
1530 2377 1717 2415 praecepto-

970 2434 1052 2462 rum,
1075 2423 1310 2458 mandatoru'n,
1333 2428 1536 2463 statutorum,
1568 2424 1714 2458 volunta-

970 2472 1017 2507 tis,
1032 2471 1239 2514 probationis,
1260 2471 1495 2513 prohibitionis,
1514 2473 1713 2513 sublationis,

970 2519 1164 2559 abolitionis,
1195 2520 1384 2551 hortationis
1404 2526 1433 2552 et
1458 2520 1632 2563 rogationis
1665 2522 1714 2555 in-

970 2569 1118 2611 fringere,
1139 2569 1186 2601 vel
1207 2568 1234 2600 ei
1260 2579 1337 2601 auso
1354 2570 1521 2603 temerario
1542 2570 1711 2604 contraire.

970 2617 1001 2650 Si
1021 2617 1093 2661 quis
1113 2622 1218 2649 autem
1239 2617 1298 2650 hoc
1320 2623 1474 2651 attentare
1494 2629 1715 2663 praesumpse-

1734 237 1788 266 Αη.
1802 236 1822 267 C
1848 236 1917 266 ¹58²

1774 729 1916 761 {tornaturque

1731 763 1881 790 imperatorem
1892 768 1914 786 et

1731 796 1837 822 principes
1848 815 1853 824 ,
1892 799 1915 817 ut

1731 825 1873 847 kalendarium
1883 827 1915 847 εἰσ

1731 857 1862 877 emendatum
1882 862 1916 878 re·

1731 888 1810 914 cipiaut
1852 890 1914 914 atque

1731 917 1812 939 servari
1827 916 1914 939 taciani.

1757 1531 1829 1552 Forma
1846 1531 1914 1558 putiti-

1730 1564 1788 1582 caudi
1800 1563 1852 1584 tinne
1861 1568 1915 1584 cous

1729 1597 1866 1616 stitutionem.

1755 2333 1840 2355 Sanctio
1862 2336 1904 2360 poe
1913 2339 1922 2345 ·

1729 2366 1791 2386 natis,
