2059 3228
74 68 110 83 >.,-
134 80 145 89 „

49 271 176 306 .c.1578

186 324 282 360 tionis
307 325 522 360 Alexandrum
547 328 583 361 Vt
608 333 638 361 et
670 328 782 361 lulium
810 329 845 369 ll,
866 329 927 362 no-

186 389 297 413 manos
319 379 486 413 Pontifices
507 381 752 424 praedecessore
787 388 925 421 nostros,

185 432 371 466 confirmata
403 434 532 473 suerint,
572 435 665 476 longo
699 441 803 467 tamwn
836 435 928 467 aliter

183 485 321 530 evenire3
343 491 373 519 et
399 497 471 519 cum
493 488 611 531 ubique
638 488 733 532 pauci
756 488 808 521 vix
832 498 924 531 repe-

181 537 306 572 riantur
324 539 362 572 ad
383 540 553 581 dignitates
572 546 602 573 ot
619 542 722 573 ollicia
740 546 775 574 ao
797 541 859 574 illis
875 541 923 573 in-

179 591 326 634 gruentia
337 602 470 625 munera
485 593 543 626 rite
564 594 711 627 obeunda
730 594 923 628 sufficientes

179 647 211 676 et
228 643 346 684 idonei,
367 644 578 678 nibilominus
609 647 779 690 plerosque
803 646 922 679 nullius

177 695 922 743 meritietinlialiilesmonachos,interfrequen-

175 752 222 795 tes
240 749 458 794 capitulorum
482 752 667 786 huiusmodi
688 753 921 786 celebrationes

175 806 208 835 et
226 802 355 836 crebras
385 804 458 837 inde
486 805 709 848 provenientes
729 805 919 848 dignitatum

175 858 206 887 et
233 855 413 889 officiorum
440 867 476 889 ac
496 867 668 890 munerum
695 858 919 892 attributiones

171 911 206 940 et
236 909 467 949 translationes,
487 909 569 949 illas,
591 910 651 943 hac
679 911 918 954 opportunitate

172 959 336 994 dumtaxat
358 962 418 995 sihi
449 963 618 1006 patefacta,
646 962 781 1004 ambire,
817 969 846 996 ct
879 964 917 996 ad

141 1048 146 1054 ,
170 1012 243 1046 illas
261 1014 540 1056 administrandas,
562 1027 628 1049 non
649 1017 802 1050 mediocri
819 1017 916 1050 totius

169 1065 383 1101 universitatis
402 1073 433 1101 et
453 1070 708 1112 congregationis
731 1070 915 1103 huiusmodi

168 1117 354 1156 discrimine
383 1126 414 1154 et
442 1121 612 1161 dedecore,
639 1123 827 1165 pervenire,
854 1123 914 1155 im-

168 1171 288 1205 mensis
299 1178 465 1216 praeterea
478 1175 672 1218 sumptibus,
691 1175 747 1218 qui
766 1186 823 1219 pro
840 1187 914 1209 con-

168 1223 309 1258 tinenter
332 1226 614 1269 commigrantium
630 1227 662 1260 in
678 1228 757 1261 haec
774 1230 912 1272 capitula

167 1286 275 1310 annua
284 1277 482 1312 delectarum
494 1289 705 1323 personarum
715 1281 828 1314 viatico
840 1293 913 1325 sup—

57 1337 74 1357 ·
165 1329 365 1373 peditantur,
383 1342 450 1365 rem
479 1332 670 1365 familiarem
697 1334 910 1366 monasterio-

164 1391 238 1415 rum
267 1383 505 1426 praedictorum
540 1385 701 1418 exhauriri
739 1387 909 1430 multiplici

163 1433 320 1471 hactenus
338 1437 532 1471 documento
563 1444 766 1483 compertum
787 1446 852 1477 est3
880 1446 910 1473 et

161 1488 245 1522 sicut
264 1489 366 1534 ipsius
380 1492 637 1535 congregationis
657 1493 784 1525 decreta
804 1499 833 1525 et
851 1499 909 1527 sta-

161 1546 240 1584 tuta,
262 1554 342 1587 quae
371 1550 561 1588 perpetuam
589 1545 675 1578 illius
695 1546 909 1580 universitatis

161 1595 334 1630 utilitatem
364 1598 541 1637 continent,
564 1598 732 1631 immutata
759 1610 904 1639 manere,

160 1652 192 1682 et
207 1649 295 1682 omni
314 1659 477 1694 peraeque
495 1657 640 1695 tempore
669 1653 845 1693 observari,
868 1653 907 1685 si-

159 1700 279 1736 militer
297 1703 363 1744 illa,
386 1715 468 1747 quae
488 1711 543 1737 aut
563 1716 640 1737 usus
659 1706 822 1748 coarguit,
850 1712 907 1739 ant

158 1760 257 1788 status
291 1754 391 1800 ipsius
427 1757 555 1791 Ordinis
592 1758 719 1791 inutilia
756 1760 831 1793 fecit
856 1761 905 1793 vel

158 1808 309 1850 ostendit,
340 1819 398 1853 pro
411 1821 520 1843 rerum
542 1815 572 1843 et
592 1816 774 1854 temporum
793 1813 904 1845 condi-

158 1860 256 1902 tione,
275 1861 440 1896 meliorem
453 1863 600 1907 accipere
612 1864 760 1904 formam,
773 1870 802 1897 et
811 1871 905 1909 prout

157 1914 320 1955 conducit,
346 1915 400 1949 illa
420 1917 655 1950 accommodari
676 1918 832 1950 convenit.
860 1920 903 1952 Ac

156 1973 328 2012 propterea
365 1969 469 2002 dictus
501 1969 635 2002 Ioannes
674 1969 842 2014 episcopus
873 1978 903 2005 et

156 2017 340 2063 cardinalis,
357 2022 409 2065 qui
424 2020 520 2055 totius
539 2022 757 2056 Cisterciensis
775 2024 902 2058 Ordinis

156 2080 320 2117 protector
334 2075 448 2116 existit,
467 2086 501 2108 re
522 2082 647 2108 mature
667 2083 845 2120 perspecta,
866 2089 902 2111 ac

156 2137 194 2159 ex
212 2125 382 2160 novissima
412 2129 680 2161 monasteriorum
702 2135 732 2162 et
756 2130 900 2164 locorum

155 2175 301 2212 eiusdem
314 2180 570 2223 congregationis
581 2181 619 2214 de
632 2182 782 2215 mandato
792 2190 901 2217 nostro

155 2232 239 2264 facta
266 2232 455 2273 visitatione,
482 2235 521 2267 de
541 2234 671 2267 illorum
692 2241 722 2267 et
748 2245 900 2279 persona-

155 2295 229 2318 rum
250 2285 282 2317 in
301 2285 347 2318 eis
373 2286 579 2319 residentium
613 2293 694 2320 statu
725 2288 830 2322 debite.
851 2289 899 2322 in-

155 2338 324 2378 formatus,
337 2344 400 2371 tam
416 2339 630 2382 capitulorum
647 2341 833 2374 huiusmodi
850 2353 900 2375 ce-

155 2389 368 2424 lebrationem
398 2390 532 2431 differri,
554 2401 649 2435 quam
670 2394 708 2426 de
736 2395 900 2427 nonnullis

155 2444 225 2477 aliis
244 2444 345 2488 ipsius
364 2445 620 2487 congregationis
645 2445 899 2480 ordinationibus

156 2492 383 2525 convenienter
402 2499 429 2525 et
449 2502 485 2525 ex
505 2493 641 2525 utilitate
662 2494 898 2527 communista-

155 2541 203 2573 tui
239 2551 444 2585 summopere
468 2541 635 2573 desiderat.
676 2542 778 2579 Quare
813 2542 896 2575 idem

154 2587 289 2622 loannes
308 2589 476 2632 opiscopus
496 2594 526 2621 et.
542 2589 709 2621 cardrnalis
729 2590 821 2622 nobis
839 2590 898 2622 hu-

156 2636 274 2670 militer
292 2638 479 2680 supplicavit
497 2643 653 2679 quatenus
673 2638 702 2669 in
716 2639 897 2680 praemissis

233 2686 306 2716 Ball.
328 2686 404 2716 [tom.
433 2686 484 2715 Vol.
513 2685 581 2715 ΠΗ.
742 2686 778 2714 29

795 275 969 301 GREGORlUS
987 275 1043 301 xm
1062 275 1110 300 PP.

1608 265 1671 300 ⁶225

970 333 1152 372 opportune
1177 328 1342 371 providere
1373 329 1411 362 de
1436 328 1715 371 benignitateapo-

970 380 1080 413 stolica
1100 381 1317 423 dignaremur.

1011 432 1068 475 §2
1082 433 1144 465 Nos
1160 433 1268 475 igitur,
1287 435 1340 478 qui
1359 440 1562 475 cunctarum,
1579 445 1713 479 pravser·

968 484 1024 517 tim
1067 485 1302 528 religiosarum,
1348 499 1556 530 personarum
1586 498 1711 532 pacem,

967 538 1107 580 quietem
1122 550 1158 571 ac
1171 540 1331 571 salubrem
1348 541 1557 573 direptionem
1579 541 1711 573 sinceris

967 596 1154 633 exoptamus
1174 592 1351 631 affetttilius,
1377 594 1558 626 huiusmodi
1588 595 1710 637 suppli-

964 642 1143 676 cationibus
1167 644 1323 684 inclinati,
1347 651 1381 677 ut
1408 646 1559 689 deinceps
1587 647 1709 689 capitu-

964 695 1031 727 lum
1065 697 1265 739 praedit-tum
1282 697 1407 739 singulo
1422 710 1549 741 qnoque
1570 699 1708 731 triennio

965 752 1100 789 tantum,
1122 749 1154 781 in
1179 750 1250 782 loco
1276 750 1329 782 ubi
1357 751 1490 790 sindulis
1510 751 1600 784 an'nis
1621 753 1706 784 cele-

961 800 1048 833 brari
1069 806 1161 834 antea
1175 808 1394 841 consueverat,
1418 804 1582 835 celebrari.

1740 284 1788 310 An.
1802 283 1828 310 C.
1856 285 1919 311 1¹07<

1003 854 1016 896 ξ
1035 853 1065 886 3.
1088 854 1126 887 Et
1145 865 1184 887 ne
1210 855 1319 887 dilatio
1340 856 1493 898 temporis
1518 857 1702 889 liuiusumdi
1740 863 1902 910 ffl'ljfirfssnrvfr·

960 905 1075 939 efficiat
1090 908 1175 950 quod
1188 908 1341 952 assumpti
1355 909 1394 941 ad
1406 919 1502 941 novas
1521 909 1700 952 dignitates,
1741 906 1794 935 *³031
1813 924 1839 936 an

958 959 1090 993 arbitrio
1101 972 1170 1001 suo,
1187 971 1251 994 non
1263 963 1393 994 servatis
1408 963 1701 1000 constituti‹·›1iibu.<,
1747 983 1751 987 -

958 1023 1008 1044 res
1039 1018 1070 1046 et
1094 1015 1221 1057 negotia
1248 1014 1352 1048 dictae
1382 1015 1637 1057 congregationis
1666 1017 1702 1047 il-

957 1066 1084 1109 liusque
1136 1069 1405 1101 monasteriorum
1449 1069 1667 1102 administrent
1692 1096 1699 1108 ,

956 1118 1088 1161 singulis
1100 1120 1201 1159 annis,
1223 1122 1294 1153 loco
1315 1120 1446 1164 capituli
1467 1122 1632 1154 annuatim
1648 1133 1700 1154 re-

956 1172 1072 1204 lebrari
1093 1179 1185 1206 antea
1219 1174 1315 1213 soliti,
1335 1174 1513 1207 visitatores
1533 1175 1696 1207 destinari.

998 1224 1058 1267 ξἰ.
1082 1226 1124 1258 Ae
1157 1227 1242 1269 quod
1281 1227 1358 1259 socii
1394 1227 1539 1269 praelati,
1571 1227 1697 1260 disereti

953 1279 1143 1321 nuncupati,
1160 1290 1242 1312 unus
1261 1279 1419 1319 videlieet,
1433 1281 1523 1322 isque
1538 1281 1696 1319 sacerdos,

953 1341 1010 1373 pro
1031 1332 1175 1373 quolibet
1205 1333 1398 1365 monasterio
1420 1345 1477 1376 per
1501 1339 1610 1371 sortes,
1631 1335 1698 1367 sine

952 1384 1075 1423 fraude,
1098 1396 1134 1416 ae
1150 1386 1282 1418 servatis
1295 1386 1551 1419 solemnitatilims
1566 1387 1595 1418 in
1611 1388 1697 1420 novis

951 1436 1091 1480 desuper
1108 1439 1315 1471 conficiendis
1336 1444 1366 1471 et
1379 1439 1568 1472 renovandis
1583 1439 1698 1472 eonsti-

950 1489 1136 1531 tutionibus,
1158 1491 1242 1534 eligi,
1268 1497 1298 1524 et
1318 1503 1355 1524 ex
1375 1492 1608 1524 consuetudine
1641 1503 1696 1536 per

950 1542 1062 1576 bursas
1095 1545 1382 1584 monasteriorum,
1400 1545 1437 1577 ad
1460 1545 1629 1577 arbitrium
1644 1557 1696 1588 pa-

949 1602 1033 1628 trum
1065 1598 1251 1640 regiminis,
1279 1598 1439 1630 distribui.
1488 1599 1533 1630 Ad
1567 1600 1695 1630 fraudes

939 1654 1053 1686 ,autem
1075 1650 1106 1682 in
1118 1651 1258 1683 sortibus
1273 1651 1431 1694 ponendis
1447 1651 1572 1694 illisque
1592 1653 1694 1684 distri-

947 1703 1083 1735 buendis
1094 1704 1314 1747 contingentes
1327 1704 1499 1744 evitandas,
1511 1705 1692 1748 superiores

947 1754 1115 1799 utriusque
1148 1757 1331 1799 provinciae
1370 1757 1620 1801 praedictarum,
1661 1764 1689 1790 et

945 1818 1029 1840 anno
1039 1809 1070 1841 in
1080 1819 1144 1851 quo
1157 1810 1332 1852 capitulum
1342 1810 1570 1843 celebrandum
1578 1810 1685 1847 suerit,

945 1871 1056 1894 omnes
1076 1863 1385 1896 monacliosvoealcs
1399 1863 1430 1895 in
1444 1864 1556 1896 eodem
1577 1873 1687 1895 mona-

945 1914 1054 1955 sterio,
1077 1915 1186 1958 inquo
1203 1916 1341 1957 eligendi
1357 1922 1432 1949 sunt
1448 1916 1588 1956 disereti,
1606 1917 1687 1948 iutra

944 1973 1042 2000 totam
1072 1968 1265 2002 dominicam
1298 1970 1554 2012 Septuagesimae
1579 1969 1686 2001 distri-

944 2021 1054 2061 buere,
1077 2021 1242 2064 dictasque
1257 2022 1496 2054 distributiones
1508 2022 1544 2053 ad
1562 2022 1686 2064 singula

944 2075 1147 2114 monasteria,
1168 2076 1282 2107 adhoc
1304 2080 1337 2106 ut
1356 2086 1373 2107 a
1394 2075 1542 2117 praelatis
1556 2074 1685 2107 illorum

943 2128 1225 2167 monasteriorum,
1255 2138 1313 2170 pro
1345 2127 1546 2159 extrahendis
1565 2133 1685 2169 postea,

943 2179 975 2211 in
995 2190 1059 2212 una
1080 2181 1232 2212 extribus
1252 2179 1404 2223 proximis
1424 2178 1510 2211 feriis
1522 2179 1685 2213 Paschatis

942 2233 1162 2265 Sanctissimae
1175 2232 1439 2271 Resurrectionis,
1458 2242 1491 2263 ex
1508 2232 1551 2263 eis
1567 2233 1685 2265 dise-re-

942 2286 991 2325 tis,
1019 2286 1073 2328 qui
1103 2286 1283 2318 sacerdotes
1316 2284 1438 2316 voi-ales
1467 2284 1610 2325 existant,
1644 2287 1682 2318 ad

942 2339 1072 2382 capituli
1097 2338 1344 2371 celebrationem
1371 2336 1544 2377 mittendis,
1562 2339 1682 2370 iinlmr-

941 2398 1062 2431 sentus,
1081 2390 1274 2428 mitterffisin
1286 2396 1391 2422 autem
1405 2389 1436 2421 in
1447 2390 1556 2433 aliquo
1573 2401 1681 2423 mona-

941 2445 1037 2477 sterio
1052 2449 1192 2486 quatuor
1210 2443 1391 2475 sacerdotes
1402 2443 1524 2475 vocales
1535 2448 1569 2476 ut
1583 2455 1680 2488 supra

941 2494 1058 2536 reperti
1101 2502 1164 2524 non
1194 2488 1343 2530 suerint,'
1357 2501 1441 2523 unus
1473 2492 1520 2524 vel
1556 2492 1676 2534 plures,

940 2547 1035 2584 prout
1063 2551 1144 2583 opus
1177 2539 1283 2576 suerit,
1319 2539 1357 2571 ad
1392 2539 1606 2581 supplendum
1632 2547 1677 2571 ta-

940 2591 1000 2622 lem
1026 2599 1218 2625 numerum,
1252 2599 1287 2619 ex
1307 2587 1370 2620 alio
1394 2587 1538 2620 viciniori
1566 2598 1677 2620 mona-

938 2638 1048 2678 sterio,
1074 2638 1105 2668 in
1130 2647 1193 2679 quo
1220 2637 1302 2668 ultra
1332 2641 1472 2679 quatuor
1503 2636 1675 2675 extiteiint,

1734 1261 1767 1280 liic
1784 1263 1890 1287 eligendi,
