2059 3228
95 265 125 295 C·
140 264 207 294 1585

262 317 277 358 ,ξ
301 316 332 350 ⁶3.
359 315 515 356 Quocirca
529 327 599 357 nos,
617 317 963 361 considerantesspian—

52 358 204 404 ‘fennena-uo
218 375 284 402 tum
306 375 421 402 statuta
441 372 583 413 praefata
603 371 694 403 utilia
722 376 751 403 et
780 371 963 404 favorabilia

41 415 204 468 ζζᾞᾞῇἷξ]
216 422 289 463 sint,
301 429 523 467 quantumque
534 425 733 468 reipublicae
746 425 868 458 intersit
879 426 962 458 dicta

39 477 202 533 ζῆῖῠῧζῗεῖ
215 476 298 509 hona
319 476 350 508 i11
372 477 457 509 illius
469 477 552 510 cives
568 482 597 510 et
618 477 813 510 habitatores
831 489 962 511 conser-

40 541 86 563 au.
213 530 292 570 vari,
308 536 396 563 motu
414 531 558 574 proprio,
581 541 645 564 non
662 531 700 563 ad
723 531 858 564 alicuius
871 531 962 564 nobis

211 593 310 627 super
336 583 397 616 hoc
426 584 550 617 oblatae
577 584 739 627 petitionis
763 584 959 621 instantiam,

210 636 267 670 sed
288 636 328 670 de
343 642 452 670 nostra
468 647 557 670 mera
580 637 813 670 deliberatione
825 645 855 671 et
876 644 960 671 certa

210 690 356 731 scientia,
384 695 498 724 statuta
525 690 724 731 huiusmodi,
739 691 835 723 etiam
857 691 880 723 si
896 702 959 723 non

209 743 272 778 sint
292 744 325 777 in
350 755 423 785 usu,
444 744 621 788 apostolica
633 744 836 784 auctoritate,
849 750 959 777 tenore

209 798 450 842 praesentium,
478 798 517 831 de
553 803 660 831 cetero
685 798 846 831 observari
872 809 960 831 man-

209 850 334 885 damus.

252 906 267 949 ἓ
291 904 323 938 3.
351 905 387 938 Et
411 904 644 944 nihilominus,
676 906 764 949 quod
793 906 959 950 perpetuis

45 959 156 1006 minante
171 958 324 993 a-futuris
342 958 556 1003 temporibus,
584 959 821 999 universitates,
848 960 958 992 civita-

37 1000 196 1056 ’ῗιῗέἕιζῖ
210 1018 267 1054 tes,
300 1011 448 1056 collegia,
475 1012 647 1045 seudatarii
675 1012 892 1056 quicumque,
921 1025 958 1046 ac

38 1059 100 1115 *ιζ’
147 1063 196 1115 3,ζῇ
208 1075 365 1111 personae
374 1065 514 1100 cuiusvis
533 1071 646 1108 status,
665 1067 796 1109 gradus
820 1067 954 1105 ordinis,

41 1093 192 1162 ffvgssgms,
207 1119 370 1165 qualitatis
394 1125 426 1154 et
441 1120 634 1153 conditionis
654 1120 802 1160 existant,
834 1121 957 1154 etiamsi

44 1155 195 1219 3⁹13&ssss
205 1173 376 1218 imperiali,
404 1173 517 1217 regali,
547 1173 654 1207 ducali
683 1174 731 1206 vel
761 1174 822 1206 alia
847 1175 958 1217 quavis

60 1227 67 1234 “
91 1241 118 1270 ,φ
206 1227 398 1261 auctoritate
408 1232 440 1260 et
449 1226 718 1270 dignitate,etiam
731 1227 956 1267 ecclesiastica,

55 1279 73 1316 ἶ.
205 1289 288 1325 quae
321 1279 494 1324 specialem
524 1285 555 1313 et
582 1280 783 1314 individuam
819 1281 956 1314 mentio-

64 1327 69 1330 *
204 1345 280 1369 nem
298 1334 492 1378 requireret,
514 1333 650 1378 praediti
674 1334 746 1375 sint,
761 1335 956 1375 nullatenus,

205 1388 274 1422 sine
302 1392 412 1421 nostra
436 1393 467 1421 et
486 1387 578 1421 Sedis
603 1387 789 1432 praedictae
815 1388 955 1429 licentia,

156 1472 166 1479 ,
205 1442 344 1475 audeant
360 1452 417 1475 seu
427 1446 638 1486 praesumant
654 1441 807 1482 civitates,
822 1442 953 1485 oppida,

205 1501 321 1536 castra,
347 1495 453 1536 feuda,
465 1495 705 1529 iurisdictiones
717 1506 753 1528 ae
765 1496 850 1527 bona
862 1506 957 1539 quae-

62 1591 79 1598 ·-
206 1560 359 1594 cumque‚
378 1549 503 1582 stabilia
523 1549 572 1583 vel
598 1549 791 1588 immobilia,
814 1549 846 1581 in
871 1549 957 1581 dicto

59 1614 84 1634 r-
205 1603 296 1637 Statu
314 1602 538 1636 Ecclesiastico
565 1602 743 1642 existentia,
770 1602 956 1635 cuiuscum-

58 1646 66 1657 ’
204 1667 268 1702 que
287 1656 460 1700 qualitatis,
481 1656 669 1699 quantitatis
689 1660 719 1688 et
747 1655 874 1695 valoris,
897 1666 956 1699 per

56 1380 67 1395 Ἰ

207 1721 262 1744 eos
272 1720 360 1744 nunc
371 1715 402 1743 et
412 1720 471 1754 pro
483 1716 628 1753 tempore
639 1716 797 1753 possessa,
806 1708 954 1748 vendere,

58 1754 75 1793 ·³-¹
206 1769 402 1808 permutare,
423 1763 507 1796 ultra
527 1763 832 1802 trienniumlocare,
846 1762 879 1794 in
891 1773 957 1796 em—

58 1815 62 1822 '
207 1816 401 1862 phyteusim,
418 1816 564 1856 feudum,
587 1816 743 1857 livellum,
764 1816 880 1859 pignus
902 1827 958 1850 seu

209 1870 394 1915 precarium
414 1871 606 1911 concedere,
640 1871 675 1903 in
699 1870 841 1913 aliquam
869 1881 958 1903 com-

59 1942 79 1963 ι,
209 1924 411 1965 munitatem,
431 1923 686 1964 universitatem,
716 1924 889 1967 collegium
909 1925 957 1957 vel

210 1988 384 2023 personam
408 1983 592 2011 extraneam
609 1989 665 2011 seu
685 1978 857 2017 sorensem,
877 1987 959 2021 quae

211 2031 304 2065 nobis
332 2036 363 2064 et
387 2030 490 2064 dictae
510 2031 600 2072 Sedi,
622 2031 747 2064 ratione
775 2031 961 2074 temporalis

213 2084 444 2117 iurisdictionis
458 2084 565 2118 Status
584 2084 696 2125 nostri,
711 2084 836 2117 subdita
848 2090 877 2117 et
889 2095 962 2127 sup-

212 2137 318 2181 posita
336 2148 402 2170 non
421 2138 472 2178 sit,
493 2138 543 2170 vel
563 2149 645 2181 quae
661 2137 862 2170 domicilium
883 2138 961 2180 legi-

67 2196 75 2210 ¹
213 2191 290 2224 time
311 2201 375 2224 non
387 2191 582 2224 contraxerit
594 2192 625 2224 in
637 2191 721 2223 dicto
734 2196 846 2224 nostro'
859 2191 960 2231 Statu,

214 2244 448 2288 cuiuscumque
477 2244 660 2287 dignitatis,
692 2250 803 2284 status,
832 2245 961 2287 gradus,

216 2297 410 2331 conditionis
439 2304 471 2331 et
498 2297 660 2341 qualitatis
680 2298 802 2335 existat,
831 2298 963 2338 etiamsi,

217 2356 253 2384 ut
274 2350 475 2394 praefertur,
504 2351 684 2394 imperiali,
714 2351 825 2393 regali,
858 2351 964 2385 ducali

218 2404 268 2437 vel
293 2403 354 2436 alia
383 2403 495 2446 quavis
523 2405 713 2438 auctoritate
740 2411 768 2437 et
797 2405 963 2447 dignitate,

220 2452 316 2486 etiam
336 2452 564 2493 ecclesiastica,
586 2464 668 2496 quae
686 2453 857 2496 specialem
879 2460 907 2487 et
921 2455 966 2487 in-

220 2505 382 2538 dividuam
415 2507 610 2539 mentionem
642 2506 818 2550 requireret
834 2534 841 2543 ,
877 2518 967 2551 prae-

220 2554 286 2588 dita
301 2554 352 2588 sit.

264 2604 326 2648 §4-
343 2605 490 2649 Insuper,
504 2605 580 2648 quia
598 2605 714 2638 decens
725 2611 755 2638 et
775 2607 966 2639 conveniens

222 2653 335 2696 existit,
346 2654 444 2698 quod,
458 2654 483 2687 si
496 2654 674 2688 vendantur
685 2655 732 2688 vel
744 2661 968 2700 permutentur

886 266 988 289 stst

1012 267 1029 289 v
1055 268 1099 290 pp,
1647 259 1703 291 58!
1770 267 1821 295 Αῃ.
1839 268 1866 296 Γ..
1888 269 1952 298 ¹585

1005 328 1060 349 seu
1088 317 1182 351 etiam
1214 318 1375 352 ‹lonentur
1400 319 1551 359 civitates,
1581 327 1683 353 castra
1725 327 1755 354 ct
1797 328 1912 350 Prohibita
1931 337 1951 351 a·

1074 371 1078 375 .
1355 374 1359 378 .
1496 374 1501 379 .
1521 374 1526 379 .
1581 374 1586 380 .
1770 360 1864 381 tienanztt
1882 366 1952 382 castra

1005 371 1134 414 oppida,
1157 373 1257 403 multo
1279 384 1378 413 magis
1398 374 1558 414 fortalitia,
1580 375 1610 407 td
1631 375 1669 407 ad
1695 385 1754 408 no-
1769 395 1790 411 et
1840 391 1950 417 tornatum.

1005 423 1104 455 titiam
1125 425 1478 467 principisileducatur,
1490 435 1519 462 et
1532 428 1720 471 praesertim
1728 427 1752 460 si
1768 423 1951 480 :bsssse'ffissfl'fi

1005 477 1098 509 semla
1119 483 1147 509 et
1167 478 1404 512 iurisdictiones
1422 480 1574 521 feudales,
1587 492 1623 514 ea
1634 482 1754 522 omnia,
1768 486 1847 507 ceum·

1004 541 1061 563 nec
1082 530 1112 563 in
1134 537 1270 572 exteros,
1290 544 1347 566 net·
1371 533 1400 565 in
1419 534 1498 567 alios
1516 545 1751 580 quoscumque,

1003 583 1061 616 nisi
1084 584 1122 617 de
1143 596 1291 628 expressa
1303 588 1515 630 praecedente
1528 594 1637 622 nostra
1648 595 1677 622 et
1693 599 1753 634 pro

1004 642 1148 680 tempore
1169 639 1332 671 existentis
1352 640 1484 673 Romani
1516 641 1679 675 Pontificis
1698 653 1752 675 ea-

1002 690 1074 722 dem
1095 691 1277 734 supradicta
1295 693 1552 735 lit-entia,vcndi,
1574 695 1752 739 permutari

1002 744 1049 775 vel
1068 744 1179 777 donari
1200 746 1336 778 valeant.

1045 797 1059 840 ξ
1085 798 1115 830 5.
1143 798 1253 842 Neque
1274 799 1370 832 etiam
1389 806 1559 834 extraneus
1570 808 1625 836 aut
1642 803 1751 837 subdi·
1800 819 1949 848 Praeceptum·

1001 856 1052 883 tus
1069 851 1275 894 originarius,
1297 853 1382 886 bona
1408 854 1593 888 huiusmodi
1614 856 1645 888 in
1663 857 1749 890 dicto
1766 852 1950 904 ξξζξπξζὲὃζξζ

1000 904 1089 937 Statu
1109 905 1230 938 habens
1250 912 1280 939 et
1298 906 1329 938 in
1351 917 1388 939 eo
1408 907 1568 947 habitans,
1591 910 1614 942 si
1636 911 1674 943 ab
1694 911 1749 944 illo
1765 912 1948 949 'umssfffl‘ssfflfi‘

1000 957 1154 998 diseedat,
1174 959 1315 1002 amplius
1335 960 1375 992 ad
1396 960 1501 1004 ipsum
1528 972 1593 995 non
1606 971 1749 997 reversu-
1764 944 1877 997 ‹ciffltitlr'raa
1886 950 1949 998 1:1⁰·ss

1001 1022 1066 1051 rus,
1089 1011 1144 1044 illa
1164 1013 1305 1046 retinere
1326 1013 1438 1056 possit,
1461 1015 1516 1048 sed
1543 1016 1627 1049 intra
1656 1017 1748 1050 bien·
1766 1006 1831 1027 ΠΜ·

1001 1065 1102 1105 nium,
1126 1076 1162 1098 ex
1187 1077 1251 1109 quo
1270 1066 1337 1110 ipse
1355 1066 1594 1111 demigraverit,
1621 1081 1657 1103 ea
1672 1082 1748 1104 ven-

999 1118 1074 1151 dere
1094 1129 1150 1151 seu
1162 1130 1220 1163 pro
1233 1119 1303 1152 aliis
1314 1125 1401 1154 extra
1412 1121 1533 1155 dictum
1545 1123 1668 1156 Statum
1682 1124 1748 1158 exi-

998 1171 1155 1205 stentibus
1175 1179 1375 1216 permutare,
1395 1180 1451 1207 aut
1476 1175 1555 1209 alias
1574 1178 1749 1211 transferre

1000 1225 1031 1257 in
1052 1226 1151 1258 alium
1179 1226 1363 1261 immediate
1383 1228 1564 1262 subiectum
1586 1236 1748 1273 teneatur,

998 1280 1189 1313 auctoritate
1208 1286 1238 1313 et
1263 1286 1373 1315 tenore
1390 1283 1623 1326 praesentium,
1643 1285 1682 1318 de
1698 1295 1750 1318 ve·

998 1333 1191 1366 nerabilium
1224 1334 1361 1368 fratrum
1388 1341 1571 1370 nostrorum
1593 1337 1624 1370 S.
1652 1335 1688 1371 R.
1711 1339 1745 1372 E.

998 1387 1211 1420 cardinalium
1230 1388 1377 1430 consilio,
1394 1396 1553 1434 perpetuo
1577 1391 1748 1426 statuimus

998 1447 1028 1473 et
1047 1442 1250 1476 ordinamus.

1040 1497 1055 1539 g
1081 1496 1110 1529 6.
1134 1497 1271 1530 Licitum
1291 1502 1399 1530 tamen
1416 1497 1475 1532 erit
1493 1499 1669 1533 omnidicti
1682 1500 1748 1534 Sta-

998 1557 1047 1583 tus
1064 1551 1248 1592 habitatori,
1268 1551 1332 1585 sive
1357 1558 1508 1586 extraneo
1526 1553 1589 1586 sive
1607 1555 1744 1596 subdito,
1761 1543 1945 1602 ἓζζῗρῷζῗζῇῗὲἶ

997 1605 1036 1637 de
1056 1604 1148 1638 bonis
1168 1605 1234 1638 suis
1245 1605 1278 1638 in
1293 1606 1406 1639 eodem
1423 1606 1514 1639 Statu
1525 1607 1637 1651 positis
1653 1609 1701 1641 vel
1714 1609 1747 1642 in
1763 1612 1810 1628 nes.

997 1659 1253 1701 consanguineos
1269 1660 1318 1692 vel
1336 1660 1368 1692 in
1385 1660 1464 1693 alios
1481 1661 1521 1694 de
1546 1661 1633 1694 dicto
1657 1662 1747 1696 Statu

997 1723 1062 1745 non
1079 1712 1248 1746 existentes
1265 1724 1474 1757 quocumque
1491 1715 1554 1748 alio
1565 1725 1662 1759 quam
1674 1727 1747 1749 ven-

998 1765 1127 1798 ditionis
1145 1777 1200 1799 seu
1227 1767 1473 1810 permutationis
1491 1768 1540 1800 vel
1567 1768 1748 1802 donationis

998 1819 1091 1852 titulo
1103 1819 1285 1864 disponere;
1297 1831 1333 1854 ac
1345 1820 1422 1862 suis,
1436 1821 1530 1854 etiam
1538 1821 1578 1854 ab
1587 1822 1746 1864 intestato,

998 1873 1191 1906 haeredibus
1208 1873 1330 1917 pariter
1345 1873 1456 1907 licebit
1486 1874 1518 1906 in
1545 1874 1608 1907 illis
1636 1886 1748 1909 suece-

999 1927 1164 1970 dere3qui
1186 1934 1305 1967 tamen,
1325 1927 1409 1960 intra
1433 1928 1622 1968 triennium,
1640 1929 1690 1962 vel
1715 1929 1749 1962 in

1000 1981 1150 2014 eumdem
1181 1981 1305 2014 Statum
1329 1980 1509 2014 habitatum
1534 1982 1674 2022 veniant,
1699 1983 1748 2016 vel

1000 2034 1083 2067 bona
1102 2035 1169 2078 ipsa
1194 2034 1226 2066 in
1252 2034 1351 2066 alium
1376 2044 1433 2067 seu
1457 2034 1536 2067 alios
1551 2035 1749 2069 habitatores

1001 2093 1032 2120 ct
1055 2088 1218 2124 subditos,
1254 2093 1289 2120 ut
1312 2088 1509 2131 praefertur,
1542 2090 1746 2123 transferant.

1001 2142 1092 2180 Quod
1117 2141 1211 2174 etiam
1237 2141 1300 2174 illis
1325 2141 1494 2181 extraneis,
1516 2141 1555 2174 ad
1567 2153 1649 2186 quos
1665 2142 1751 2176 bona

1003 2195 1187 2227 huiusmodi
1213 2205 1250 2227 ex
1274 2194 1535 2237 quibuscumque
1558 2194 1629 2228 aliis
1653 2207 1751 2239 quam

1004 2248 1194 2281 venditionis
1218 2257 1274 2280 seu
1299 2247 1544 2290 permutationis
1568 2254 1623 2281 aut
1651 2249 1751 2283 dona-

1006 2301 1099 2334 tionis
1116 2301 1302 2334 huiusmodi
1327 2301 1431 2334 causis
1445 2302 1661 2345 pervenerint,
1681 2302 1751 2336 illa-

1005 2367 1039 2388 re
1064 2354 1302 2398 acquisiverint,
1325 2362 1493 2388 censeatur
1509 2355 1714 2399 permissum.

1049 2410 1063 2451 ξ
1089 2408 1118 2440 7.
1146 2409 1308 2441 Bonorum
1329 2413 1435 2441 autem
1452 2410 1672 2452 praefatorum
1696 2421 1753 2454 ap-
1827 2421 1948 2442 nectat-tuin

1007 2458 1194 2501 pellatione,
1213 2468 1318 2500 neque
1331 2467 1457 2498 census,
1470 2467 1574 2501 neque
1590 2458 1755 2502 portiones
1767 2451 1949 2511 ἰῗζοηῇζζζξ

1007 2519 1062 2540 seu
1090 2508 1160 2540 loca
1187 2507 1357 2546 montium,
1375 2517 1434 2540 nec
1460 2507 1633 2541 mulierum
1651 2509 1751 2550 doteS,
1769 2515 1942 2544 prohibitorum-

1008 2557 1061 2590 sed
1086 2567 1191 2600 neque
1210 2556 1328 2589 Urbem
1346 2562 1502 2597 nostram,
1514 2568 1597 2601 quae
1610 2567 1755 2591 commu-

1009 2607 1057 2639 nis
1077 2606 1180 2649 patria
1199 2611 1256 2646 est,
1274 2616 1347 2638 cum
1375 2605 1443 2638 eius
1462 2605 1573 2639 decern
1602 2617 1753 2649 passuum.

1009 2655 1110 2688 millia
1132 2654 1292 2696 circuitu,
1326 2655 1474 2688 volumus
1500 2655 1752 2698 comprehendi3

1822 1511 1941 1534 Decimae
