2059 3228
177 332 261 366 Deus
287 343 342 365 scu
367 325 412 365 Dc
439 334 612 376 profundis
641 335 780 367 clumam⁸
812 336 922 369 devote

177 385 368 426 recitaverit,
395 397 496 420 annos
515 388 683 427 ducentos,
705 399 740 420 ac
762 388 856 421 etiam
878 395 922 421 to-

176 437 274 471 tidem
296 440 531 483 quadragenas.

265 491 340 525 ltem
361 493 487 535 quoties
512 493 549 525 ad
576 493 676 527 Deum
698 502 835 526 mentem
857 502 921 527 ete·

175 544 314 584 vaverit‚
341 545 492 589 illiusque
517 546 656 579 divinam
688 558 780 590 opem
807 547 922 590 implo-

175 597 304 638 raverit,
325 598 421 631 etiam
443 599 600 632 ducentos
620 610 721 632 annos
741 605 771 632 et
790 601 921 633 totidem

175 650 411 694 quadragenas.

263 703 294 736 Si
331 714 405 737 vero
434 711 640 748 quocumque
677 706 839 739 dominico
869 713 923 739 aut

175 755 257 789 sesto
290 756 340 789 die
370 768 523 790 coronam
554 759 757 792 Beatissimae
796 771 923 803 semper

177 808 312 852 Virginis
334 809 390 843 Dei
413 811 578 854 genitricis
604 812 720 845 Mariae
744 813 838 846 etiam
872 813 922 856 pia

175 862 345 896 devotione
369 863 561 904 recitaverit,
583 875 686 898 annos
710 871 870 900 trecentos
894 872 924 899 et

176 915 310 950 totidem
331 916 564 960 quadragenas.

261 970 306 1004 Ac
329 970 355 1003 si
382 971 611 1004 conscientiam
637 983 727 1005 suam
748 983 841 1006 mane
870 979 924 1006 aut

173 1023 318 1067 vesperi,
354 1034 429 1057 cum
466 1025 701 1058 emendationis
735 1027 921 1069 proposito,

174 1075 416 1116 examinaverit,
447 1087 484 1111 ac
509 1077 547 1110 de
577 1079 659 1111 male
688 1085 834 1112 anteacta
861 1080 923 1113 vita

174 1130 301 1163 veniam
332 1131 465 1175 supplex
495 1142 512 1163 a
541 1132 603 1165 Deo
628 1132 922 1166 misericordiarum

177 1188 268 1227 patre
287 1184 505 1228 postulaverit,
525 1184 672 1218 similiter
695 1191 855 1226 trecentos
870 1197 923 1220 an-

175 1246 235 1270 nos
257 1242 291 1270 et
309 1236 442 1270 tbtidem
462 1238 683 1281 quadragenas
698 1239 736 1273 de
747 1239 806 1272 sibi
818 1240 924 1273 iniun-

176 1289 236 1322 ctis
254 1289 304 1323 vel
333 1289 411 1323 alias
440 1291 682 1334 quomodolibet
702 1303 760 1335 per
779 1303 852 1326 eum
872 1293 924 1326 de-

176 1341 252 1376 bitis
259 1343 476 1387 poenitentiis,
485 1344 735 1378 misericorditer
746 1345 778 1378 in
788 1345 923 1379 Domino

175 1395 371 1429 relaxamus.

264 1449 368 1492 Atque
391 1455 427 1483 ut
450 1450 579 1483 eosdem
599 1450 710 1484 fideles
728 1450 768 1484 ad
797 1451 923 1496 pietatis

176 1511 278 1546 opera
300 1503 478 1536 exercenda
507 1514 544 1537 eo
564 1503 660 1536 etiam
689 1505 790 1547 magis
809 1504 923 1538 invite-

178 1565 263 1596 mus,
281 1565 393 1589 eorum
418 1556 564 1597 cuilibet,
587 1557 712 1599 quoties
730 1567 790 1601 pro
808 1557 922 1591 haere-

177 1608 316 1642 ticorum
340 1609 552 1650 reductione,
583 1610 761 1644 infidelium
790 1621 923 1644 conver-

178 1661 279 1702 sione,
307 1662 498 1698 christianae
517 1669 614 1707 atque
633 1663 828 1697 orthodoxae
848 1664 923 1697 fidei

178 1715 420 1759 propagatione,
441 1721 472 1749 et
488 1722 617 1750 sanctae
634 1716 744 1749 matris
763 1717 924 1751 Ecclesiae

178 1769 410 1813 tranquillitate
426 1775 457 1803 et
476 1770 678 1811 exaltatione,
692 1781 729 1803 ac
740 1770 824 1804 inter
838 1771 925 1814 prin-

178 1821 268 1866 cipes
287 1821 479 1856 cbristianos
490 1834 568 1867 pace
585 1829 616 1857 et
627 1824 811 1864 concordia,
823 1824 923 1857 Deum

178 1875 354 1920 precando,
384 1876 567 1910 Orationem
582 1876 782 1909 Dominicam
799 1877 923 1910 Saluta-

178 1928 366 1972 tionemque
402 1930 587 1972 Angelicam
618 1929 792 1974 quinquies
815 1931 924 1964 devote

178 1981 339 2022 dixerint,
368 1982 494 2016 easdem
533 1983 604 2016 illas
640 1982 855 2025 indulgentias
889 1994 924 2016 ac

179 2040 387 2078 peccatorum
420 2035 638 2077 remissiones,
665 2046 748 2079 quae
782 2046 879 2069 unam
909 2046 925 2069 e

179 2093 304 2131 septem
324 2088 508 2133 praecipuis
526 2088 621 2122 Urbis
642 2089 782 2122 basilicis
800 2089 927 2121 visitan-

181 2140 270 2173 tibus
288 2151 459 2175 concessae
482 2147 570 2182 sunt,
592 2141 800 2175 concedimus
819 2148 851 2175 et
870 2141 928 2174 im-

182 2193 357 2238 partimur.

271 2247 361 2286 Quod
382 2247 408 2281 si
432 2248 503 2292 quis
518 2254 720 2293 peecatorem
744 2259 762 2281 a
786 2248 834 2281 via
853 2258 927 2291 per-

185 2352 292 2386 aliisve
304 2353 461 2387 eiusmodi
479 2355 654 2388 sceleribus
673 2361 703 2387 et
723 2354 872 2397 peccatis,
890 2354 929 2386 ad

185 2401 268 2434 viam
287 2402 399 2435 salutis
423 2404 626 2441 converterit,
648 2409 702 2436 aut
728 2403 752 2435 si
785 2408 870 2435 certe
897 2402 929 2434 in

185 2460 224 2483 eo
244 2450 446 2490 laboraverit,
466 2458 520 2484 aut
550 2452 574 2484 si
606 2452 688 2484 inter
711 2451 930 2483 discordantes

187 2508 298 2542 pacem
330 2500 558 2539 conciliaverit,
581 2506 633 2532 aut
659 2505 813 2543 quantum
846 2500 877 2531 in
897 2509 929 2532 se

187 2553 245 2586 est.
265 2549 495 2591 procuraverit,
520 2548 725 2582 concedimus
746 2554 780 2580 ut
805 2553 930 2579 sancto-

833 232 935 258 SlXTl'S
960 233 976 254 V
997 232 1044 256 ΓΡ.

1603 226 1659 258 07t

177 289 260 319 cam,
281 285 337 313 aut
360 282 457 314 semel
488 281 647 315 Psalmum
681 282 829 316 Miserere
862 285 923 316 ηινί
963 295 999 316 ac
1018 285 1206 328 quorumvis
1234 285 1370 318 aliorum
1406 286 1532 330 piorum
1557 296 1706 330 operum,

962 347 1046 380 quae
1071 337 1101 370 in
1121 338 1271 371 omnibus
1290 338 1464 372 Ordinibus
1483 345 1510 373 et
1533 350 1709 383 congrega-

964 389 1103 423 tionibus
1133 392 1334 433 regularibus
1367 398 1494 425 sanctae
1533 393 1709 428 catholicae

964 442 1122 475 Ecclesiae
1145 444 1236 481 fiunt,
1264 455 1326 477 non
1352 456 1444 478 secus
1476 456 1512 478 ac
1542 446 1567 478 si
1598 447 1707 480 unius-

964 495 1120 539 cuiusque
1147 507 1257 529 earum
1280 498 1446 541 preprium
1460 499 1643 532 membrum
1664 501 1708 533 l'o-

964 554 1022 587 ret,
1045 556 1082 581 eo
1100 548 1168 592 ipso
1192 550 1351 593 particeps
1371 550 1538 583 etliciatur.

1053 599 1218 635 Praeterea
1240 603 1415 646 unicuique
1427 614 1499 636 vere
1519 605 1706 647 poenitenti,

963 654 1018 697 qui
1054 660 1183 698 peccata
1208 666 1265 687 sua
1295 656 1390 688 alii-ui
1423 668 1457 688 ex
1489 657 1708 691 sacerdotibus

965 707 1087 740 idoneis
1121 713 1152 740 et
1184 708 1223 740 ad
1256 706 1284 741 id
1325 710 1508 753 approbatis
1546 711 1709 743 consessus

964 760 1070 801 suerit,
1093 766 1123 793 et
1133 771 1255 794 sacram
1272 763 1443 805 sumpserit
1464 763 1705 803 Eucliaristiam,

964 818 1020 846 aut
1039 814 1181 853 missam,
1209 815 1233 846 si
1259 816 1408 848 ¹sacerdos
1428 817 1536 855 l'uerit,
1565 817 1707 850 celebra-

964 866 1054 906 verit,
1078 867 1204 911 quoties
1234 868 1265 900 id
1299 868 1421 908 fecerit,
1458 869 1550 902 toties
1578 870 1607 902 ei
1641 871 1708 914 ple-

964 920 1099 953 nariam.

1051 973 1114 1006 Aut
1137 973 1210 1007 siin
1223 974 1334 1007 mortis
1349 975 1486 1008 articulo
1507 977 1709 1016 constitutus,

964 1026 1125 1059 numisma
1138 1027 1221 1060 collo
1241 1039 1419 1071 appensum
1441 1035 1492 1061 aut
1508 1029 1618 1072 quovis
1639 1040 1707 1062 mo-

964 1079 1005 1113 do
1029 1090 1138 1113 secum
1163 1080 1324 1120 habuerit,
1347 1082 1558 1124 prenunciato
1579 1083 1709 1115 nomine

963 1132 1046 1173 Iesu,
1086 1133 1183 1166 corde
1207 1134 1332 1174 saltem,
1367 1135 1391 1167 si
1427 1145 1482 1167 ore
1515 1136 1706 1179 nequiverit,

965 1185 1061 1218 etiam
1083 1187 1274 1230 plenariam.

1051 1239 1154 1283 Atque
1179 1240 1289 1273 itidem
1311 1241 1467 1274 militibus
1487 1247 1539 1274 aut
1561 1242 1632 1274 aliis
1652 1242 1715 1285 qui'

964 1291 1096 1335 aliquod
1116 1293 1304 1326 huiusmodi
1332 1295 1492 1327 numisma
1521 1306 1628 1327 seeum
1650 1295 1708 1327 lra-

963 1344 1074 1377 bentes
1089 1351 1201 1378 contra
1221 1346 1368 1379 infideles
1387 1347 1433 1380 vel
1452 1347 1629 1381 haereticos
1653 1354 1709 1380 aut

963 1398 1042 1431 alios
1058 1398 1090 1432 S.
1104 1398 1140 1431 R.
1156 1399 1191 1431 E.
1206 1399 1313 1433 hostes
1330 1400 1551 1443 pugnaverint,
1564 1412 1707 1444 praeser-

964 1450 1086 1494 timque
1114 1452 1140 1485 si
1167 1452 1209 1485 ibi
1234 1463 1289 1486 ees
1319 1454 1399 1486 mori
1430 1454 1612 1496 contigerit,
1639 1454 1707 1486 lesu

964 1503 1106 1544 nomine,
1125 1509 1160 1536 ut
1188 1516 1295 1548 supra,
1315 1506 1473 1545 invocato,
1495 1507 1615 1550 pariter
1639 1507 1708 1550 ple-

963 1556 1087 1590 nariam
1112 1558 1258 1591 omnium
1279 1565 1486 1602 peccatorum
1511 1570 1641 1592 suorum
1661 1559 1708 1592 in-

964 1610 1160 1653 dulgentiam
1186 1617 1217 1644 et
1240 1612 1481 1652 remissionem,
1519 1613 1708 1645 auctoritate

964 1663 1141 1707 praedicta,
1155 1671 1266 1698 tenore
1282 1665 1512 1708 praesentium,
1532 1666 1625 1698 etiam
1652 1666 1709 1698 mi-

965 1717 1170 1750 sericorditer
1202 1718 1235 1750 in
1267 1717 1402 1751 Domino
1439 1719 1648 1751 concedimus
1679 1724 1710 1751 et

965 1769 1151 1812 elargimur.

1052 1823 1155 1866 thue
1180 1823 1324 1856 desectus
1343 1829 1373 1856 et
1393 1823 1606 1866 negligentiae
1643 1825 1710 1857 ani-

967 1876 1077 1918 mique
1113 1876 1355 1915 distractiones,
1382 1887 1464 1920 quae
1500 1888 1537 1909 ex
1570 1877 1710 1910 bumana

966 1929 1136 1972 fragilitate
1169 1929 1201 1962 in
1237 1929 1339 1962 Divini
1377 1930 1473 1962 oflicii
1510 1930 1709 1969 recitatione,

968 1981 1201 2024 missarumque
1228 1983 1441 2015 celebratione
1470 1983 1517 2016 vel
1548 1983 1712 2016 auditione

967 2035 1186 2068 sacerdotibus
1206 2041 1259 2068 aut
1276 2036 1400 2068 clericis
1420 2037 1466 2068 vel
1487 2036 1575 2069 laicis
1586 2037 1712 2069 contiu-

967 2098 1041 2129 gere
1061 2088 1174 2127 solent,
1196 2095 1251 2121 aut
1273 2089 1386 2121 borum
1413 2089 1508 2122 etiam
1529 2090 1569 2122 ob
1593 2090 1713 2122 iustum

969 2140 1235 2183 impedimentum
1270 2142 1522 2185 praetermissio,
1545 2153 1581 2175 ex
1602 2142 1714 2175 devota

968 2193 1064 2226 buius
1084 2194 1288 2227 numismatis
1315 2195 1505 2237 gestatione,
1527 2205 1647 2228 corona
1667 2201 1712 2228 ta·

970 2257 1043 2279 men
1064 2246 1177 2279 Beatae
1197 2247 1312 2279 Mariae
1333 2247 1468 2289 Virginis
1486 2247 1538 2290 pie
1569 2247 1713 2287 recitata,

184 2299 328 2341 ditionis,
360 2301 458 2334 veluti
495 2303 535 2334 ab
565 2301 700 2340 haeresi,
729 2301 929 2344 blasphemia
948 2310 951 2325 ¹
970 2305 1025 2332 aut
1049 2300 1158 2332 saltem
1180 2301 1392 2342 pronunciato
1424 2302 1546 2343 psalmo
1566 2301 1716 2333 Miserere

970 2353 1033 2384 mei
1052 2352 1146 2391 Deus,
1165 2353 1306 2395 suppleri
1319 2359 1349 2387 et
1369 2354 1569 2396 cmupemari
1584 2353 1715 2397 possint,

972 2401 1082 2434 eadem
1111 2401 1299 2434 auctoritate
1323 2403 1530 2434 concedimus
1558 2409 1588 2434 et
1609 2402 1716 2435 indul-

971 2460 1095 2493 gemus.

1015 2499 1029 2541 ξ
1050 2498 1102 2531 tu.
1126 2497 1325 2541 Quicumque
1337 2504 1441 2530 autea]
1456 2498 1585 2541 aliquod
1602 2497 1715 2531 huius-

973 2547 1058 2579 modi
1081 2546 1237 2578 numisma
1261 2546 1403 2578 babuerit
1439 2546 1540 2589 ipsum
1574 2557 1631 2590 pro
1657 2557 1715 2580 suo

176 2597 517 2639 'cu111saci·issei01·uin‚
532 2596 929 2639 ieiuniorum,orationum
950 2597 953 2623 ³
973 2596 1106 2630 arbitrio
1128 2596 1157 2629 in
1179 2602 1365 2630 testauwnto
1378 2602 1429 2629 aut
1454 2597 1514 2628 aba
1536 2596 1646 2629 ultima
1665 2606 1715 2630 vo·
1729 2602 1764 2623 ⁸³¹-

1724 231 1775 259 Λη.
1794 230 1820 257 (ἶ,
1841 232 1906 262 isa-“17

1755 2508 1859 2530 Numismr.
1871 2517 1911 2532 ος-

1729 2540 1802 2561 clentis
1831 2546 1909 2563 tautum

1730 2572 1819 2599 retitui-n
1855 2579 1911 2599 pos-
