2059 3228
87 1156 107 1174 n
121 1150 148 1173 de

65 1183 148 1207 natica

783 229 957 255 GRFGORHVS
977 230 1031 254 xttt
1052 230 1098 253 ΓΡ.

1606 218 1665 252 411

172 284 257 330 gulis
275 285 478 319 monasteriis
503 284 686 329 praedictis,
723 284 840 328 quibus
870 283 922 316 illa
941 294 945 303 ¹
964 281 1254 326 supplicatimiibus
1275 282 1555 319 inclinati,omnes
1566 280 1717 325 etsingu-

171 338 259 380 alias,
279 343 315 372 ut
331 339 521 383 praefertur,
546 339 714 379 unita,scu
735 339 921 371 eorunisru-
965 337 1009 368 las
1026 335 1171 375 uniones,
1197 336 1404 375 annexiottes,
1426 334 1716 379 iocor-porationes,

171 397 252 433 ctus,
278 391 434 433 redditus,
449 398 631 436 proventus,
656 392 737 433 iura,
760 392 921 425 obventio·
962 389 1195 432 applicationes
1216 394 1245 422 et
1267 389 1546 434 appropriationes
1570 388 1717 433 praedic-

170 455 227 480 nes
246 450 278 478 et
296 445 525 486 emolumenta,
546 446 674 489 praedia
683 457 718 479 ac
730 446 920 490 bonaquac-

169 509 309 542 cumque
326 499 486 543 applicata
506 505 532 532 et
555 500 761 544 affin-opriata
778 500 918 542 suerunt,

169 551 264 586 etjam
280 558 438 597 perpetuo
458 554 689 587 dismembrare
709 560 740 588 ct
759 565 918 598 separare,

167 605 287 650 illaque
307 606 415 639 omnia
435 607 585 640 adversus
613 607 753 651 singulas
784 609 919 641 uniones

164 669 223 694 seu
242 660 474 704 applicationes
498 661 684 695 huiusmodi
704 662 873 696 restituere
887 667 917 695 et

164 713 308 757 plenarie
333 714 529 757 reintegrare
543 726 549 752 ;
563 725 689 748 necnon
700 715 851 748 ecclesias
861 726 917 748 scu

166 767 327 811 cappellas
339 768 528 812 praedictas,
540 769 667 802 illarum
685 768 858 802 unionibus
872 769 916 803 sic

164 819 340 862 dissolutis,
353 821 457 855 eidem
474 821 668 855 monasterio
686 832 742 855 seu
758 822 916 865 prioratui

164 872 271 907 Sancti
292 874 414 908 Nicolai
429 875 526 908 etiam
541 881 698 918 perpetuo
715 875 808 909 unire
820 880 916 908 etan-

163 932 293 961 nectere
313 933 342 962 et
363 927 582 973 incorporare,
603 939 639 962 ac
670 928 747 962 alias
767 928 799 961 in
824 940 916 973 prac-

164 979 268 1014 missis
287 987 470 1026 opportune
490 982 656 1026 providere
673 983 711 1016 de
722 983 917 1026 benignitate

164 1035 343 1079 apostolica
362 1036 582 1079 dignaremur.

209 1087 225 1132 ἓ
248 1087 281 1122 3.
307 1089 370 1123 Nos
389 1089 498 1133 igitur,
526 1089 581 1133 qui
601 1089 724 1122 dudum
748 1091 831 1124 inter
856 1091 917 1124 alia

161 1141 324 1176 voluimus
364 1144 451 1187 quod
489 1144 736 1187 praetendentes
759 1144 917 1178 beneficia

162 1195 378 1229 ecclesiastica
402 1195 472 1229 aliis
493 1196 591 1238 uniri,
612 1203 800 1231 tenerentur
811 1199 916 1242 expri-

163 1259 251 1283 mere
267 1260 378 1283 verum
390 1260 534 1283 annuum
555 1250 708 1291 valorem,
736 1252 915 1285 secundum

163 1302 402 1337 extimationem
416 1303 627 1347 praedictam,
650 1304 746 1337 etiam
764 1305 915 1338 beneficii

164 1355 217 1390 cui
241 1356 329 1390 aliud
362 1356 448 1390 uniri
467 1362 644 1401 peteretur,
667 1358 811 1402 alioquin
839 1359 916 1391 unio

163 1419 230 1443 non
244 1409 374 1451 valeret,
396 1415 427 1443 et
446 1420 574 1454 semper
588 1409 620 1442 in
636 1411 808 1444 unionibus
829 1422 916 1445 com-

164 1461 273 1496 missio
299 1462 390 1496 fieret
424 1463 463 1496 ad
492 1469 610 1507 partes,
633 1465 750 1497 vocatis
775 1475 915 1508 quorum

163 1515 344 1557 interesset,
353 1517 473 1561 quique
483 1518 753 1552 monasteriorum
763 1519 917 1553 aliorum-

164 1580 228 1614 que
246 1570 631 1614 religiosorumloeorum
650 1573 681 1605 in
695 1573 809 1606 melius
830 1574 916 1607 dire-

164 1623 287 1657 ctiones
307 1635 344 1657 ac
363 1624 530 1669 spirituale
542 1624 780 1658 incrementum
789 1627 916 1660 sincero

164 1676 386 1711 desideramus
398 1677 526 1719 affectu,
538 1677 758 1712 Cltcrubinum
768 1680 915 1714 abbatem

164 1730 366 1775 praedictum
386 1742 403 1764 a
427 1732 591 1775 quibusvis
610 1735 917 1768 excommunicatio-

165 1783 226 1825 nis,
247 1784 467 1829 suspensionis
486 1791 517 1819 et
534 1786 692 1819 interdicti
708 1788 842 1832 aliisquc
865 1799 917 1822 ec-

166 1837 353 1872 clesiasticis
381 1839 558 1880 sententiis,
583 1841 727 1874 censuris
746 1847 777 1875 et
796 1843 917 1885 poenis,

167 1900 186 1923 a
199 1890 271 1925 iure
290 1892 339 1925 vel
359 1892 398 1925 ab
412 1892 552 1934 homine,
564 1894 676 1936 quavis
687 1895 855 1929 occasione
872 1897 918 1929 vel

165 1944 214 1977 vel
238 1954 346 1986 causa,
372 1945 453 1987 latis,
478 1946 504 1979 si
529 1947 647 1990 quibus
677 1949 914 1990 quomodolibet

166 1996 338 2031 innodatus
359 1998 474 2040 existit,
508 1999 547 2032 ad
582 2000 732 2034 effectum
766 2013 918 2046 praesen-

167 2050 247 2084 tium
280 2051 445 2085 dumtaxat
481 2054 746 2098 consequendum
760 2082 767 2096 ‚
802 2056 917 2089 haruin

168 2104 250 2138 serie
302 2105 501 2140 absolventes
549 2113 580 2140 et
624 2108 808 2142 absolutum
852 2111 919 2143 fore

169 2163 336 2192 censentes
349 2187 356 2200 ,
409 2170 448 2193 ac
489 2170 713 2205 quascumque
766 2163 917 2203 uniones,

168 2211 374 2254 annexiones,
409 2213 697 2258 incorporationes‚
729 2217 919 2260 applicatio-

169 2274 226 2298 nes
245 2270 275 2298 et
302 2266 579 2310 appropriationes
614 2268 652 2301 tle
683 2269 791 2302 Sancti
825 2270 919 2303 Nico-

170 2318 212 2351 lai
244 2323 274 2352 et
311 2319 446 2353 Sanctae
476 2320 588 2353 Crucis
626 2332 663 2354 ac
701 2321 731 2355 S.
777 2322 921 2357 Dainiani

170 2373 385 2413 monasteriis,
415 2383 543 2406 necnon
571 2375 715 2408 ecclesiis
749 2386 805 2409 seu
846 2387 921 2420 cap-

171 2425 274 2468 pellis,
288 2436 467 2469 eorumque
494 2427 651 2460 fructibus
678 2428 851 2471 praedictis
878 2430 922 2462 sa-

171 2479 237 2508 etas
247 2474 588 2519 perpraedeeessores,
602 2476 848 2520 litterarumque
865 2478 920 2511 de-

171 2533 270 2567 super
293 2524 513 2557 confectarum
551 2530 689 2565 tenores,
724 2536 760 2558 ac
792 2526 920 2559 illorum

172 2573 317 2606 omnium
341 2583 433 2607 veros
453 2583 578 2606 annues
599 2574 722 2607 ratores
746 2576 923 2618 praesenti-

172 2620 233 2658 bus
256 2632 315 2667 pro
346 2622 503 2668 expressis
535 2623 701 2664 habentes,
734 2623 919 2657 huiusmodi

964 448 1020 483 tas,
1030 443 1206 486 apostolica
1216 443 1406 476 atu-tortario
1415 443 1590 487 praedicta,
1603 447 1717 476 tenore

962 496 1192 540 praesentium,
1206 502 1362 540 perpetuo
1376 497 1597 538 dissolvimus;
1615 501 1646 530 et
1658 507 1715 530 seu

961 550 1069 584 Sancti
1093 550 1217 583 Nicolai
1238 556 1268 583 et
1292 552 1426 584 Sanctae
1445 551 1558 585 Crucis
1581 561 1619 587 ac
1634 550 1715 585 San-

961 603 1001 636 cti
1035 603 1181 637 Damiani
1217 604 1409 637 monasteria
1443 614 1498 637 seu
1532 604 1713 648 prioratus,

960 658 1094 700 eiusque
1111 658 1248 697 fructus,
1266 657 1418 697 redditus,
1431 662 1617 701 proventus,
1630 656 1713 699 iura,

960 710 1178 751 obventiones,
1205 711 1435 751 emolumenta,
1462 711 1605 754 praedia,
1620 722 1671 745 res
1685 716 1716 745 et

959 765 1043 798 bona
1062 764 1250 798 huiusmodi
1270 775 1288 797 a
1312 763 1403 797 dictis
1415 764 1628 806 monasteriis,
1645 765 1721 809 qui-·

959 819 1020 851 bus
1040 818 1086 852 sic
1105 818 1206 859 unita,
1224 829 1347 851 annexa
1368 823 1399 851 ct
1418 817 1625 862 incorporata
1644 818 1715 852 sue-

961 877 1049 913 runt,
1094 872 1285 906 auctoritate
1321 876 1351 904 et
1382 876 1492 904 tenore
1525 872 1711 915 praedictis,

960 926 1054 959 etiam
1066 930 1239 970 perpetuo,
1259 925 1532 958 dismembranius
1542 931 1572 958 et
1583 936 1711 970 separa-

959 990 1051 1020 mus;
1079 979 1199 1023 illaque
1220 979 1327 1012 omnia
1351 983 1382 1012 et
1407 979 1543 1021 singula,
1563 979 1713 1012 adversus

960 1033 1086 1077 quasvis
1111 1032 1260 1074 uniones,
1287 1032 1483 1066 annexiones
1507 1037 1539 1066 et
1562 1031 1712 1076 incorpo-

961 1088 1113 1128 rationes,
1137 1086 1370 1131 applicationes
1389 1091 1420 1120 et
1436 1086 1714 1131 appropriationes

959 1141 1145 1184 litterasque
1165 1140 1356 1185 apostolicas
1385 1141 1525 1184 desuper
1551 1140 1713 1173 contectas

959 1194 1139 1238 praedictas
1150 1194 1225 1228 etin
1243 1194 1289 1228 eis
1303 1199 1454 1227 contenta
1473 1204 1709 1238 quaecumque,

958 1260 995 1282 ac
1004 1248 1037 1281 in
1044 1248 1216 1292 pristinum
1228 1254 1258 1282 et
1266 1259 1351 1288 eum,
1362 1248 1394 1280 in
1404 1258 1468 1292 quo
1479 1252 1552 1280 ante
1559 1247 1712 1292 praemis-

958 1313 991 1335 sa
999 1302 1245 1346 quomodolibet
1254 1309 1357 1341 erant,
1367 1306 1481 1335 statum
1489 1328 1495 1342 ,
1502 1301 1598 1335 etiam
1605 1301 1711 1345 quoad

958 1356 1230 1397 nomen,titulum
1253 1362 1283 1390 et
1301 1355 1596 1389 denominationem
1612 1355 1710 1388 abba-

958 1410 1085 1443 tialium
1112 1421 1169 1443 seu
1189 1409 1394 1454 prioratuum
1429 1409 1642 1452 dignitatum,
1669 1408 1711 1441 ita

958 1464 1045 1508 quod
1059 1464 1091 1498 S.
1106 1464 1230 1498 Nicolai
1245 1464 1417 1498 etSanctae
1433 1463 1544 1497 Crucis
1553 1473 1589 1496 ac
1602 1462 1634 1496 S.
1656 1463 1711 1495 Da-

959 1517 1059 1550 miani
1092 1518 1286 1551 monasteria
1312 1528 1369 1551 seu
1404 1517 1565 1560 prioratus
1598 1516 1711 1549 huius-

959 1571 1045 1604 modi
1065 1582 1124 1615 per
1148 1570 1297 1616 proprios
1322 1571 1451 1604 abbates
1489 1581 1545 1603 seu
1572 1570 1708 1614 priores,

960 1631 996 1658 ut
1019 1625 1203 1669 praefertur
1220 1624 1396 1668 eligendos,
1418 1624 1559 1657 adinstar
1573 1623 1710 1656 alioruin

960 1679 1062 1723 ipsius
1087 1678 1346 1721 congregationis
1367 1677 1650 1718 monasteriorum,
1673 1678 1711 1710 dc

961 1738 1066 1766 cetero
1092 1732 1159 1776 regi
1176 1738 1207 1765 et
1230 1731 1402 1775 gubernari
1419 1731 1572 1771 debcant3
1589 1741 1626 1763 ac
1646 1736 1709 1763 tani

960 1786 1014 1819 illa
1038 1797 1136 1830 quam
1161 1785 1257 1818 etiam
1288 1785 1418 1819 abbates
1442 1796 1498 1817 seu
1532 1784 1656 1828 priores
1681 1790 1711 1817 et

961 1850 1117 1884 personae
1143 1838 1292 1872 omnibus
1313 1844 1341 1871 et
1369 1838 1503 1880 singulis
1523 1837 1707 1881 privilegiis,

960 1893 1105 1934 indultis,
1128 1892 1371 1937 praerogativis,
1388 1891 1640 1935 exceptionibus,
1656 1891 1711 1924 iin-

962 1946 1185 1987 mnnitatibus,
1207 1946 1421 1985 libertatibus,
1445 1945 1711 1983 tacultatibusjn-

961 2000 1144 2044 dulgentiis,
1164 2000 1324 2032 favoribus
1336 1999 1445 2032 etaliis
1462 2005 1525 2031 tam
1541 1998 1712 2042 spirituali-

961 2055 1021 2088 bus
1035 2065 1132 2098 quam
1144 2052 1375 2097 temporalibus
1398 2052 1517 2095 gratiis,
1538 2051 1656 2095 quibus
1677 2064 1710 2086 a·

962 2109 1004 2142 lia
1019 2108 1162 2141 eiusdem
1176 2107 1432 2150 congregationis
1448 2106 1642 2140 monasteria
1655 2117 1711 2140 seu

963 2162 1125 2206 prioratus
1150 2171 1330 2204 eorumque
1363 2160 1493 2193 abbates
1516 2171 1571 2193 scu
1589 2160 1713 2204 priores

963 2223 994 2249 et
1013 2226 1180 2260 personae,
1201 2215 1238 2248 de
1252 2215 1321 2247 iure
1335 2210 1390 2247 seu
1403 2214 1647 2254 consuetudine,
1660 2220 1714 2247 aut

963 2281 1000 2304 ex
1020 2268 1186 2313 privilegio
1210 2269 1257 2301 vel
1279 2268 1405 2300 indulto
1418 2278 1474 2300 seu
1489 2267 1566 2300 alias
1577 2278 1713 2310 quomo-

963 2324 1083 2356 dolibet
1102 2328 1250 2361 utuntur,
1274 2322 1443 2365 potiuntur
1462 2327 1493 2354 et
1515 2321 1714 2364 gaudent,ac

963 2376 1023 2417 uti,
1046 2376 1141 2420 potiri
1162 2381 1192 2408 et
1205 2375 1344 2417 gaudere
1365 2379 1517 2419 poterunt
1535 2375 1715 2418 quomodo-

963 2430 1040 2463 libet
1064 2430 1096 2462 in
1121 2429 1278 2468 futurum,
1305 2427 1364 2468 uti,
1386 2428 1481 2471 potiri
1513 2433 1545 2461 et
1573 2428 1714 2471 gaudere

963 2479 1064 2511 libere
1090 2484 1117 2511 et
1138 2478 1224 2510 licite
1249 2477 1381 2520 possint,
1405 2487 1441 2509 ac
1462 2476 1539 2510 alias
1558 2476 1591 2509 in
1612 2477 1714 2510 omni-

963 2527 1023 2560 bus
1043 2533 1071 2560 et
1094 2537 1151 2570 per
1174 2526 1292 2565 omnia,
1312 2526 1445 2569 perinde
1466 2537 1502 2559 ae
1527 2525 1552 2559 si
1566 2526 1713 2566 uniones,

963 2576 1157 2609 annexiones
1170 2580 1198 2608 et
1209 2575 1486 2619 incorporationes
1495 2575 1622 2619 aliaque
1634 2586 1714 2619 prae-

964 2625 1057 2659 missa
1068 2625 1174 2658 omnia
1185 2635 1248 2658 non
1258 2631 1469 2666 emanassent,
1481 2624 1672 2659 auctoritate
1682 2629 1712 2658 et

1731 227 1782 256 An.
1798 226 1830 255 C.
1847 227 1915 257 1583
