2059 3228
57 0 178 120 w

50 201 143 262 ἆυ.
161 225 232 255 1586

67 266 90 327 ff

906 223 1009 248 Stx'rtts
1029 223 1047 246 V
1067 224 1112 247 Pr.

244 282 311 321 pto,
347 276 531 316 interdicto,
563 276 778 316 revocatione,
816 276 989 309 abolitione

189 333 196 340 '
242 340 279 363 ac
305 330 354 363 sui
379 331 538 373 generalis
565 331 796 369 voluntatibus,
819 329 987 369 mandatis,

241 383 378 417 decretis
400 384 516 416 nostris
537 383 670 427 aliisque
691 383 876 427 praemissis
902 382 988 426 paci-

240 435 301 470 fice
320 436 382 469 srui
404 443 433 469 et
455 437 605 479 gaiulere,
622 448 658 469 ac
672 436 988 479 praeseiiteslitteras

238 489 277 522 ab
297 490 459 529 omnibus,
487 499 569 532 quos
596 489 669 522 illae
701 495 913 529 concernunt,
943 490 988 521 in-

236 532 430 576 violabiliter
450 548 481 575 et
505 543 694 576 inconcusse
722 543 895 581 observari,
923 553 986 575 iion

236 595 459 639 permittentes
478 601 602 639 patrem
623 595 819 638 generalem,
842 596 985 635 abbates,

235 654 479 692 procuratorem
499 649 695 691 generalem,
715 647 861 687 vicarios,
882 648 987 680 risita-

234 707 330 741 tores,
347 702 531 746 superiores
549 712 585 734 ae
605 701 685 733 alios
701 701 986 744 praet‘liCtosdesu-

233 765 292 798 per
307 760 418 788 contra
436 755 616 788 litterarum
627 754 813 787 earumdem
833 765 985 798 praesen-

233 808 383 852 tiumque
407 814 550 841 tenorem
571 807 814 850 quomodolibet
842 808 984 841 indebite

183 873 189 879 ·
234 861 409 895 molestari.
433 861 692 894 Conti‘adietores
707 861 868 904 quoslibet
883 867 913 894 et
936 873 983 895 re-

231 914 343 956 belles,
360 925 416 958 per
434 914 614 959 praedictas
638 925 674 947 ae
699 914 776 947 alias
796 914 981 953 sententias,

191 992 198 1000 .
232 977 385 1002 censuras
417 973 448 1000 et
476 978 598 1011 poenas
642 968 769 1011 aliaque
801 974 984 1011 opportuna

65 1446 75 1475 *i
101 1457 218 1481 Contrariis

43 1486 134 1520 Qui

231 1021 311 1056 iuris
331 1026 362 1055 et
383 1018 456 1055 sacti
478 1021 632 1062 remedia,
656 1021 872 1066 appellatione
895 1027 982 1064 post-

231 1075 344 1119 posita,
365 1075 618 1119 compescendo,
638 1085 688 1115 ac,
714 1074 864 1117 legitimis
886 1085 983 1118 super

230 1129 282 1162 his
297 1128 454 1162 habendis
475 1128 604 1161 servatis
620 1128 834 1172 processibus,
854 1134 983 1161 senten-

231 1182 292 1216 tias
308 1208 316 1223 ,
337 1192 490 1216 censuras
512 1188 540 1214 et
564 1192 683 1225 poenas
700 1181 784 1225 ipsas
798 1182 901 1219 ‚etiam
928 1182 984 1214 ite·
1002 1202 1003 1206 =

230 1235 306 1269 ratis
325 1235 447 1269 vicibus
472 1235 686 1279 aggravando,
715 1235 861 1268 invocato
887 1235 981 1267 etiam

229 1289 269 1322 ad
287 1289 361 1329 hoc,
384 1289 409 1322 si
426 1299 509 1334 opus
524 1289 630 1329 suerit,
654 1288 772 1321 auxilio
783 1288 983 1321 brachiisae-

231 1342 363 1376 cularis.

275 1396 290 1440 §
314 1395 368 1430 12.
400 1396 470 1429 Non
496 1396 698 1429 obstantibus
728 1394 913 1439 praemissis
946 1406 982 1428 ac

230 1454 359 1483 sanctae
384 1449 560 1482 memoriae
590 1449 745 1482 Bonisaeii
780 1448 884 1492 Papae
907 1448 982 1488 VIII,

229 1502 352 1547 pariter
382 1502 638 1546 praedecessoris
658 1501 769 1541 nostri,
795 1502 834 1534 de
854 1512 930 1542 una,
954 1508 982 1535 et

230 1556 264 1588 in
282 1555 421 1589 concilio
441 1555 584 1598 generali
602 1555 687 1589 edita
703 1555 742 1588 de
756 1554 883 1588 duabus
896 1555 981 1588 diae-

231 1608 283 1650 tis,
304 1609 440 1652 aliisque
459 1609 653 1652 apostolicis
671 1620 707 1645 ao
728 1609 759 1641 in
781 1609 983 1652 provinciali-

230 1663 290 1695 bus
310 1668 341 1695 et.
367 1662 575 1706 synodalibus
595 1661 741 1695 conciliis
761 1662 864 1701 editis,
884 1673 981 1705 gene-

231 1716 353 1749 ralibus
372 1715 421 1749 vel
446 1715 651 1759 specialibus,
685 1715 979 1755 constitutionibus,

231 1779 357 1803 necnon
366 1769 576 1814 quibuslibet,
591 1769 687 1803 etiam
701 1769 895 1809 iuramento,
908 1780 982 1802 con-

231 1822 414 1856 firmatione
434 1823 612 1867 apostoliea
631 1823 678 1855 vel
700 1823 812 1866 quavis
832 1823 982 1856 firmitate

231 1876 294 1910 alia
313 1876 484 1917 roboratis,
497 1876 623 1910 statutis
636 1883 665 1909 et
685 1875 981 1917 consuetudinibus,

233 1929 516 1970 declarationibus,
538 1929 785 1962 inhibitionibus
818 1936 845 1961 et
873 1929 983 1963 decre-

234 1982 287 2023 tis,
309 1982 485 2026 privilegiis
505 1994 647 2026 quoque,
670 1983 801 2015 induitis
821 1989 851 2015 et
866 1983 982 2017 litteris

232 2036 429 2081 apostolicis,
455 2037 577 2079 legatis,
597 2036 726 2069 nunciis
755 2042 785 2069 et
811 2036 982 2071 ordinariis

233 2090 405 2133 praedietis
420 2101 456 2123 ac
474 2090 543 2122 aliis
559 2090 722 2133 quibusvis
743 2090 899 2133 personis,
922 2092 981 2125 sub

233 2143 493 2187 quibuscumque
510 2144 674 2176 tenoribus
695 2149 722 2176 et
736 2144 846 2175 formis
861 2155 896 2176 ae
908 2156 979 2178 cum

233 2195 409 2238 quibusvis,
434 2196 529 2229 etiam
548 2196 824 2238 derogatoriarum
846 2196 979 2241 deroga-

237 2248 326 2282 toriis
354 2248 489 2292 aliisque
518 2250 752 2282 efficacioribus
777 2256 803 2281 et
835 2250 980 2291 insolitis,

235 2302 397 2342 clausulis,
419 2302 684 2346 irritantibusque
705 2307 735 2335 et
754 2303 824 2335 aliis
835 2303 980 2345 deci-etis,

236 2354 266 2387 in
288 2364 406 2398 genere
426 2356 473 2387 vel
501 2355 532 2387 iii
561 2356 680 2398 specie,
708 2356 802 2389 etiarn
829 2362 918 2389 motu
938 2358 980 2390 si-

236 2402 316 2442 mili,
338 2401 432 2435 etiam
454 2403 718 2437 consistorialiter
738 2411 792 2437 aut
811 2405 887 2438 alias
899 2416 980 2449 quo-

235 2451 411 2484 modolibet
431 2453 604 2492 concessis,
627 2460 657 2485 et
677 2454 771 2486 etiam
794 2454 913 2487 iteratis
933 2456 980 2488 vi-

235 2499 326 2533 cibus
346 2501 529 2544 approbatis
550 2506 580 2533 et
601 2501 766 2535 innovatis.
780 2503 900 2542 Quibus
914 2515 982 2537 om-

236 2547 330 2582 nibus
358 2554 389 2582 et
416 2549 562 2592 singulis,
595 2550 689 2583 etiam
711 2552 748 2591 si,
771 2562 829 2594 pro
850 2552 979 2586 illorum

236 2596 404 2631 sufficienti
425 2598 642 2642 derogatione,
664 2600 701 2633 de
722 2600 784 2634 illis
804 2611 980 2645 eorumque

1674 212 1736 247 700

1031 275 1104 308 totis
1138 276 1305 309 tenoribus
1338 278 1494 319 spei-iniis,
1528 276 1690 321 specifica,
1726 287 1780 309 ex-

1033 339 1152 371 pressa,
1182 329 1341 362 individua
1373 341 1409 362 ae
1438 331 1476 363 dt·
1511 331 1607 364 verbo
1640 330 1679 363 ad
1708 341 1779 363 ver-

1031 384 1128 419 bum,
1161 393 1223 415 noii
1263 390 1368 415 autem
1400 395 1457 427 pei·
1489 384 1649 417 clausulas
1684 394 1780 427 gene-

1030 436 1112 468 rales
1151 436 1234 467 ideiii
1275 437 1484 480 iiiipoiwaiites
1498 465 1504 474 ,
1519 442 1527 454 '
1555 436 1675 470 mentio
1722 447 1778 470 seu

1029 489 1158 532 quaevis
1178 489 1238 521 alia
1265 491 1426 532 express-'io
1456 490 1601 523 habenda
1631 495 1682 523 aut
1718 490 1778 523 ali-

1029 553 1091 585 qua
1112 543 1173 574 alia
1194 543 1348 585 exquisita
1363 544 1461 575 forma
1484 545 1521 575 :id
1542 544 1604 577 lioc
1624 543 1777 576 servanda

1029 596 1120 635 soret,
1151 595 1281 627 illorum
1304 596 1442 628 vei-iores
1465 602 1603 636 tenores,
1626 598 1774 636 formam,

1028 649 1117 680 datas
1139 654 1169 681 et
1190 649 1319 682 decreta
1340 649 1370 681 iii
1392 650 1437 682 eis
1457 651 1614 693 apposita,
1638 661 1674 682 vc
1689 651 1713 682 si
1739 651 1776 683 de

1026 702 1124 734 verbo
1145 702 1183 734 ad
1212 703 1357 742 verbum,
1386 703 1465 735 niliil
1498 704 1624 746 penitus
1644 704 1774 743 omisso,

1027 760 1057 787 et
1078 756 1180 787 forma
1201 755 1232 787 In
1254 755 1315 787 illis
1335 756 1449 788 tradita
1470 757 1643 796 observata,
1667 755 1775 789 inserti

1027 809 1129 841 forent
1158 808 1392 851 praesentibus,
1416 819 1474 851 pro
1499 810 1697 842 sufficienter
1725 820 1777 842 ex—

1026 861 1143 905 pressis
1162 862 1326 901 habentes,
1347 862 1407 894 illis
1427 862 1503 894 alias
1525 863 1554 894 in
1577 873 1634 895 suo
1659 864 1775 896 robore

1025 915 1257 959 permansuris,
1281 916 1340 948 liae
1356 916 1424 948 viee
1439 916 1615 956 dumtaxat,
1628 917 1775 959 speciali-

1025 975 1073 1002 ter
1090 975 1121 1002 et
1141 979 1289 1012 expresse
1307 969 1513 1012 derogamus,
1536 976 1564 1001 et
1580 970 1776 1003 sullicienter

1025 1024 1214 1065 derogatum
1230 1033 1298 1056 esse
1315 1022 1520 1055 decernimus
1535 1034 1541 1061 ;
1558 1033 1683 1055 necnon
1704 1033 1773 1055 om-

1024 1077 1120 1109 nibus
1135 1076 1210 1116 illis,
1225 1087 1307 1120 quae
1326 1077 1356 1108 iii
1373 1076 1487 1109 litteris
1504 1077 1548 1109 Pii
1565 1076 1611 1111 IV,
1635 1077 1679 1108 Pii
1700 1077 1720 1108 V
1745 1082 1775 1109 et

1024 1130 1167 1172 Gregorii
1182 1130 1248 1163 XIII
1267 1141 1303 1163 ac
1315 1130 1453 1163 aliorum
1466 1130 1704 1174 praedictorum
1720 1141 1773 1162 ex-

1024 1195 1169 1227 pressum
1191 1184 1250 1217 suit
1270 1194 1334 1216 non
1355 1184 1683 1227 obstare‚ceterisque
1696 1193 1773 1215 eori-

1025 1237 1130 1270 trariis
1159 1237 1430 1280 quibuscumque.
1458 1237 1520 1269 Aut
1548 1236 1572 1269 si
1598 1236 1770 1279 aliquibus,

1024 1291 1241 1323 communiter
1250 1291 1299 1323 vel
1311 1290 1448 1329 divisim,
1465 1290 1504 1322 ab
1520 1289 1631 1322 eadem
1642 1290 1681 1322 sit
1692 1289 1772 1322 Sede

1022 1344 1183 1376 indultum
1205 1344 1291 1387 quod
1312 1343 1638 1387 interdici‚suspeiidi
1654 1344 1701 1375 vel
1719 1353 1772 1375 ex-

1023 1397 1330 1430 eommuniearinon
1342 1397 1534 1440 possintper
1552 1396 1675 1430 litteras
1694 1406 1771 1440 apo-

1024 1450 1152 1483 stolicas
1176 1460 1241 1483 non
1262 1450 1417 1483 facientes
1441 1450 1569 1493 plenam
1591 1455 1621 1482 et
1645 1460 1773 1493 expres-

1023 1514 1089 1536 sam
1110 1514 1146 1536 ac
1174 1503 1213 1536 de
1239 1503 1336 1536 verbo
1365 1504 1405 1536 ad
1426 1504 1557 1536 verbum
1585 1503 1625 1536 de
1646 1503 1772 1535 indulto

1021 1557 1207 1590 huiusmodi
1229 1557 1439 1589 mentionem.

1066 1611 1080 1653 g
1113 1609 1167 1643 13.
1203 1609 1373 1651 Ceterum,
1404 1609 1480 1653 quia
1512 1609 1642 1642 difficile
1674 1611 1770 1651 foret,

1023 1668 1080 1697 etc.

1066 1716 1179 1749 Datum
1196 1717 1316 1750 Romae
1337 1717 1422 1760 apud
1443 1716 1474 1750 S.
1490 1716 1630 1756 Petrum,
1643 1717 1770 1749 suban-

1022 1771 1099 1803 nulo
1121 1770 1303 1810 Piscatoris,
1333 1770 1384 1803 die
1407 1780 1471 1802 xvu
1496 1770 1571 1802 maii
1600 1780 1768 1811 iiiiJLxxxw,

1022 1824 1230 1869 pontificatus
1251 1824 1349 1856 nostri
1371 1834 1456 1856 anno
1481 1834 1514 1857 11.

1089 1880 1151 1911 Dat.
1171 1882 1218 1912 die
1235 1881 1270 1911 17
1290 1881 1359 1910 iiiaii
1382 1881 1469 1919 1586,
1490 1886 1571 1921 pont.
1588 1890 1665 1910 aniio
1682 1889 1712 1911 ιι.

1329 2057 1454 2090 XLVIII.

1023 2133 1236 2176 Confirmatio
1281 2135 1547 2166 cousti‘tutt'oimin
1597 2146 1768 2178 conqreqa-

1067 2188 1164 2220 lionis
1177 2187 1317 2229 fratrum
1335 2186 1451 2220 Sancti
1468 2188 1632 2221 Ambrosii
1651 2191 1692 2222 acl
1708 2191 1768 2223 Ne-

1065 2251 1135 2272 mus
1160 2239 1185 2272 ¹.

1064 2319 1160 2347 Sixtus
1174 2320 1243 2354 Papa
1253 2319 1282 2352 V,
1294 2319 1327 2347 ad
1337 2320 1498 2355 perpetuam
1508 2321 1548 2350 rei
1556 2322 1724 2351 memoriam.

1065 2390 1246 2423 Romanum
1267 2391 1357 2424 decet
1389 2391 1579 2425 Pontificem
1610 2405 1658 2435 ea,
1685 2406 1768 2438 quae

1022 2454 1080 2486 pro
1112 2444 1195 2476 felici
1224 2444 1380 2487 regimine
1401 2451 1431 2478 et
1450 2446 1570 2479 salubri
1592 2447 1768 2482 directione

1022 2497 1292 2529 monasteriOrum
1327 2503 1356 2530 ct
1390 2499 1587 2541 regularium
1622 2501 1767 2535 Iocorum

1021 2549 1240 2592 quorumlibet
1257 2561 1294 2583 ae
1306 2561 1517 2594 personarum
1538 2553 1571 2585 in
1586 2554 1631 2587 eis
1648 2555 1767 2598 degen-

1059 2614 1068 2638 t
1087 2611 1129 2639 Ex
1143 2612 1254 2648 Regest.
1272 2612 1301 2640 in
1316 2613 1420 2641 secret.
1442 2614 1584 2643 Brevium.

1798 223 1845 250 An.
1866 222 1893 251 C.
1912 223 1980 252 1586

1824 1620 1885 1642 Fides
1900 1627 1971 1645 exem.

1786 1654 1874 1678 plutum.

1808 2400 1937 2422 Prooemium.
