2059 3228
61 292 77 309 Δ
87 297 96 307 ο

47 665 125 688 Metti
138 670 186 693 pro-

45 697 102 720 οΙιΙΙι
109 695 186 718 Dite-t-

41 728 86 747 ·uw:
111 732 185 748 nunnus

46 756 112 800 ως

67 2392 71 2394 ,
53 2170 87 2366 'mx-*03
53 2056 79 2159 ιφῑν-ῳιψ
61 2028 66 2043 -¹
64 1976 70 1986 κ

59 190 63 192 -
78 180 95 201 1,

43 163 113 270 ἃ
128 227 196 258 ¹580

801 225 978 251 emmonius
997 225 1052 249 xm
1072 226 1119 250 rt‘.

1637 217 1701 252 353
1761 224 1812 252 An.
1829 223 1858 253 C.
1873 223 1942 255 1580

208 277 483 312 Discalceatorum
504 279 562 312 sub
587 280 771 313 obedientia
804 286 832 313 et
862 290 956 323 supe-
1001 277 1056 309 tini
1074 284 1102 309 vt
1121 279 1405 314 constitutionibus
1425 281 1622 325 apostolicis,
1642 294 1678 315 ac
1696 293 1748 316 eo-

208 331 351 366 rioritate
373 333 490 376 prioris
523 335 684 376 generalis
711 334 807 367 totius
830 333 956 367 Ordinis
1000 342 1072 363 rum
1095 332 1273 374 primitivae
1287 334 1425 377 [legulae
1446 341 1471 367 ct
1498 335 1643 369 instituto
1658 347 1748 379 prae-

1420 376 1438 390 ἡ

207 385 375 429 praedicti,
398 387 480 420 sicut
501 388 582 420 aliae
604 388 786 431 provinciae
812 387 953 420 eiusdem
999 383 1091 417 dictis
1112 396 1175 417 non
1197 386 1417 427 adrsjuscntur,
1446 394 1473 420 vt
1501 389 1619 422 abusus
1648 401 1746 433 quos-

205 436 333 472 Ordinis
349 440 378 472 ei
399 440 535 474 subsunt
549 447 578 474 et
594 441 773 481 subiacent,
797 447 953 484 perpetuo
998 448 1136 481 cumque
1150 439 1320 472 tollendivt
1335 442 1747 482 ‹fiunt-nilamli,monasteria

204 491 334 526 subesse
352 499 447 538 atque
458 494 635 528 subiectam
654 506 820 528 remanere
831 500 862 527 et
876 494 951 527 sul)-

204 543 309 579 iacere
329 547 488 580 volumus.

246 599 262 643 §
281 599 313 633 8.
335 600 395 639 Qui
417 612 475 645 per
498 613 530 635 se
556 602 659 645 ipsum
683 607 804 634 tantum
826 602 872 633 vel
894 612 951 645 per

201 652 301 686 alium
325 654 427 688 virum
460 655 612 689 idoneum
637 666 673 688 ex
695 655 770 698 ipsis
800 655 950 688 fratribus

199 705 416 749 Discalceatis‚
452 714 482 742 et
506 709 592 741 iuxta
613 719 724 742 eorum
754 708 947 751 p1·imitiv.·un

199 758 353 802 Regulam
379 767 410 794 et
432 761 576 795 instituta
610 762 769 805 regularia
803 763 842 794 ab
872 762 948 805 ipsis

197 811 402 847 Discalceatis
422 814 583 848 observari
604 815 708 854 solita,
731 826 786 848 eos
804 815 944 855 visitare,

197 865 387 909 reformare,
411 869 574 911 corrigere
595 875 623 901 et
645 869 761 912 punire
787 869 898 913 possit,
914 869 945 901 in

198 921 401 954 monasteriis
425 927 543 962 tamen,
571 922 721 955 domibus
745 928 776 955 et
795 923 874 956 locis
889 933 944 956 eo-

195 973 344 1007 rumdem
360 980 363 982 ·
379 975 513 1007 fratrum
547 975 830 1016 Discalceatomm,
859 982 944 1011 extra

195 1038 279 1071 quae
289 1029 474 1062 nullatenus
486 1029 544 1073 ipsi
556 1030 670 1062 fratres
688 1030 876 1064 Discalceati
894 1033 942 1064 vel

193 1081 311 1125 aliquis
330 1093 444 1116 eorum
465 1083 505 1116 ab
525 1083 638 1116 eodem
659 1085 768 1127 priore
789 1086 941 1127 generali,

192 1136 305 1179 quovis
325 1142 491 1180 praetextu
521 1137 568 1170 vel
583 1138 765 1178 occasione,
786 1140 939 1179 amoveri,

190 1190 359 1233 assignari,
386 1190 517 1230 mutari,
540 1192 663 1224 extrahi
684 1198 739 1224 aut
758 1193 938 1233 transferri,

189 1248 245 1277 aut
257 1244 297 1277 ad
317 1244 395 1278 alias
414 1244 595 1288 provincias
617 1245 698 1278 mitti
718 1252 773 1278 aut
807 1247 939 1281 retineri

187 1297 301 1342 possit,
315 1297 375 1331 nisi
395 1298 488 1331 aliter
508 1298 539 1330 in
565 1308 677 1331 eorum
696 1299 837 1343 capitulo
863 1311 939 1344 pro-

187 1351 316 1384 vinciali
336 1351 431 1385 fuerit
450 1352 647 1385 ordinatum.
666 1353 728 1396 Ipsi
742 1364 816 1386 vero
835 1355 939 1388 dictae

187 1405 371 1448 provinciae
380 1405 650 1439 Discalceatorum
663 1406 775 1440 fratres
796 1407 827 1440 in
848 1419 939 1452 prae-

187 1458 292 1492 missis
307 1465 466 1504 perpetuo
481 1460 585 1493 eidem
597 1460 697 1503 priori
718 1462 862 1503 generali
882 1473 937 1506 pa-

186 1522 259 1545 rere
282 1518 313 1546 et
332 1512 474 1553 obedire,
497 1519 527 1546 et
547 1524 620 1546 cum
642 1514 746 1557 ipsum
768 1515 806 1547 ad
822 1525 935 1549 eorum

186 1567 390 1607 monasteria,
408 1567 521 1600 domos
540 1572 570 1600 et
594 1568 664 1600 loca
689 1568 860 1609 divertere,
881 1576 936 1604 aut

187 1630 244 1663 pro
255 1619 433 1654 visitatione
443 1621 627 1654 huiusmodi
636 1621 773 1654 autalias
781 1623 934 1657 accedere

185 1674 369 1715 contigerit,
392 1686 465 1708 cum
486 1674 573 1706 omni
595 1675 777 1708 humilitate
798 1681 827 1708 et
843 1687 933 1710 reve-

185 1727 290 1760 rentia
308 1727 445 1771 benigne
484 1727 627 1771 recipere
661 1734 689 1761 et
720 1735 930 1772 pertractare,

185 1786 282 1824 prout
300 1781 404 1823 decet,
435 1787 606 1815 teneantur
625 1787 655 1815 et
674 1782 822 1816 debeant.
852 1784 932 1818 Nec-

185 1845 250 1868 non
270 1835 369 1879 priori
382 1835 572 1879 provinciali
586 1835 730 1869 eiusdem
748 1838 932 1880 provinciae

185 1888 319 1921 fratrum
349 1888 619 1922 Discalceatorum
644 1889 730 1932 ipsos
758 1891 872 1924 fratres
903 1898 933 1925 et

187 1942 343 1976 moniales
360 1942 586 1982 Disealceatos‚
608 1942 806 1987 illorumque
819 1944 932 1979 domos

187 1995 536 2029 etmonasteriaetloca
547 2006 772 2040 quaecumque
786 1999 929 2041 regendi,

185 2049 400 2092 gubernandi,
429 2049 576 2082 visitandi
601 2055 632 2082 et
659 2051 868 2091 reformandi,
894 2063 931 2086 ac

185 2103 362 2146 capitulum
383 2103 589 2148 provinciale,
611 2104 678 2136 suis
704 2104 775 2138 loco
795 2111 827 2138 et
850 2111 930 2139 tem-

186 2157 459 2199 pore,indieendi,
477 2157 689 2197 convocandi,
712 2159 931 2201 congregandi

185 2215 216 2242 et
239 2210 436 2250 celebrandi;
462 2216 492 2243 et
518 2221 741 2254 quoscumque
776 2211 932 2245 officiales

185 2263 394 2304 necessarios,
415 2275 479 2297 una
504 2275 577 2297 cum
603 2264 849 2307 capitularibus,
872 2265 931 2297 eli-

183 2316 292 2360 gendi3
313 2327 350 2350 ac
373 2328 597 2360 quaecumque
617 2323 733 2351 statuta
754 2323 784 2351 et
804 2319 932 2351 ordina-

185 2369 288 2403 tiones
307 2370 429 2403 bonum
450 2371 595 2413 regimen
616 2371 720 2404 dictae
746 2371 931 2413 provinciae

184 2423 224 2456 ad
242 2423 297 2456 Dei
326 2423 488 2456 servitium
515 2424 743 2456 concernentia
765 2423 798 2455 in
819 2423 930 2456 eodem

185 2472 327 2516 capitulo
349 2472 521 2510 condendi,
545 2473 703 2511 mutandi,
726 2472 883 2504 alterandi
901 2478 932 2505 et

185 2521 218 2554 in
246 2527 361 2562 totum,
385 2522 408 2554 si
431 2522 600 2561 videbitur,
627 2521 803 2564 abrogandi
833 2528 863 2554 et
893 2522 931 2555 de

97 2563 101 2565 ‚
148 2590 154 2595 =
186 2581 266 2604 novo
287 2571 416 2609 edendi,
439 2571 617 2603 dummodo
638 2570 736 2603 sacris
754 2570 932 2603 canonibus

186 2626 218 2654 et
235 2620 372 2653 decretis
391 2620 471 2652 >acri
492 2619 648 2659 generalis
660 2618 932 2652 eonciliiTriden-

264 2669 342 2700 Ball.
367 2669 443 2699 stom.
473 2668 526 2697 l'nl.
557 2667 628 2697 l'lll.
782 2668 815 2696 15

995 489 1070 523 item
1092 492 1205 525 domos
1240 499 1267 525 el
1302 500 1485 536 conventus,
1514 502 1576 528 lam
1602 497 1744 530 virorum

994 555 1089 585 quam
1120 545 1292 579 mulierum
1328 547 1468 581 eiusdem
1505 551 1689 593 provinciae
1711 551 1743 584 in

993 597 1252 642 (puluiscumquc
1275 600 1365 641 locis,
1389 602 1525 634 cuiusvis
1543 603 1670 636 licentia
1686 604 1741 638 de-

992 660 1090 693 super
1128 652 1260 685 minime
1300 655 1466 696 requisita,
1507 656 1544 689 (lc
1583 668 1741 691 consensu

990 703 1067 736 dicti
1107 716 1218 738 corum
1258 708 1402 751 capituli,
1439 716 1467 742 et
1503 711 1580 743 alias
1619 717 1740 744 servata

990 758 1092 790 t'orma
1117 759 1259 793 eiusdem
1287 763 1428 799 concilii,
1461 765 1602 797 construi
1628 771 1658 798 et
1685 776 1738 798 ae-

989 810 1113 844 tliticari
1145 814 1300 855 faciendi,
1334 816 1458 859 ipsique
1484 818 1582 860 priori
1607 819 1737 862 provin-

988 863 1073 905 ciali,
1098 871 1143 907 ut,
1167 873 1337 911 postquam
1369 870 1490 903 electus
1525 872 1629 913 suerit,
1664 874 1736 906 offi-

987 917 1070 950 cium
1093 930 1187 952 suum
1209 932 1357 955 exercere
1383 924 1501 966 absque
1526 926 1587 958 alia
1617 927 1735 959 consu·-

986 971 1137 1013 mationc,
1175 985 1272 1017 quam
1308 981 1415 1010 tamen
1451 990 1467 1010 a
1498 979 1605 1022 priore
1638 981 1734 1014 totius

984 1023 1112 1057 Ordinis
1144 1030 1288 1070 generali
1314 1041 1387 1063 mox
1426 1037 1533 1074 petere
1572 1038 1731 1075 tencatur,

984 1078 1111 1121 plenam
1128 1087 1158 1113 et
1179 1082 1314 1116 liberam
1328 1084 1510 1118 facultatem
1524 1087 1733 1121 concedimus

983 1137 1011 1164 et
1034 1132 1251 1176 impartimur.

1025 1185 1039 1228 ἓ
1065 1186 1095 1219 9.
1123 1187 1159 1220 Et
1191 1188 1324 1232 insuper
1353 1191 1502 1224 omnibus
1536 1198 1566 1226 et
1594 1194 1870 1247 singulisd?‘‚⁵*³¹‘{ss¹·
1885 1200 1927 1223 ⁰¹³

981 1238 1084 1272 dictae
1105 1241 1289 1283 provinciae
1310 1245 1456 1287 personis
1481 1246 1648 1290 utriusque
1679 1260 1727 1282 se·
1743 1234 1848 1288 aiiiieaei?
1869 1235 1926 1253 m*

981 1304 1048 1331 xus,
1076 1304 1163 1328 nunc
1191 1302 1221 1329 et
1245 1308 1303 1339 pro
1329 1303 1473 1342 tempore
1504 1300 1724 1344 existentibus,

979 1348 1066 1390 quod
1087 1350 1238 1383 omnibus
1258 1355 1288 1383 et
1307 1351 1640 1397 singulisprivilegiis,
1655 1367 1726 1399 gra-

979 1400 1029 1433 tiis
1049 1406 1080 1434 ct
1105 1402 1324 1446 indulgentiis,
1361 1407 1631 1450 exemptionibus,
1666 1410 1726 1443 im-

979 1455 1201 1497 munitatibus,
1225 1458 1464 1501 praerogativis,
1495 1460 1657 1495 favoribus
1694 1469 1725 1497 et.

978 1508 1122 1549 indultis,
1147 1516 1209 1543 tam
1231 1512 1453 1555 spiritualibus
1478 1525 1572 1556 quam
1597 1521 1723 1560 tempo-

977 1562 1111 1601 ralibus,
1124 1565 1364 1607 quibusfratres
1375 1577 1430 1600 seu
1445 1569 1600 1602 moniales
1610 1571 1657 1603 vel
1670 1581 1722 1603 so-

976 1627 1065 1649 rores
1076 1618 1152 1650 dicti
1165 1618 1293 1652 Ordinis
1301 1620 1339 1653 de
1349 1620 1418 1653 iure
1428 1622 1474 1654 vel
1487 1624 1720 1657 consuetudine

975 1676 1027 1703 ant
1040 1671 1118 1705 alias
1129 1674 1373 1716 quomodolibet
1388 1681 1534 1717 utuntur,
1554 1678 1722 1721 potiuntur

975 1730 1005 1757 et
1024 1726 1176 1767 gaudent,
1203 1738 1239 1760 ac
1260 1728 1318 1768 uti,
1341 1729 1437 1772 potiri
1457 1735 1486 1762 et
1505 1731 1645 1773 gaudere
1664 1743 1720 1775 po-

975 1783 1083 1811 terunt
1106 1782 1351 1823 quomodolibet
1371 1782 1402 1815 in
1422 1783 1578 1825 futurum,
1606 1786 1717 1818 decre-

975 1833 1012 1865 tis
1027 1833 1171 1867 eiusdem
1188 1835 1330 1875 concilii,
1349 1836 1632 1871 constitutionibus
1643 1849 1719 1882 apo-

974 1887 1093 1920 stolicis
1117 1898 1153 1920 ac
1173 1888 1353 1931 primitivae
1374 1889 1512 1931 {tegulae
1533 1890 1719 1925 etinstituto

972 1941 1145 1984 praedictis
1180 1948 1210 1975 et
1248 1943 1469 1986 praesentibus
1506 1944 1619 1977 litteris
1656 1956 1721 1978 non

973 1995 1154 2035 contrariis,
1178 1995 1236 2036 uti,
1259 1997 1356 2039 potiri
1381 2002 1411 2029 et
1448 1997 1588 2039 gaudere
1621 1998 1721 2032 libere

972 2053 1003 2080 et
1023 2047 1110 2081 licite
1130 2049 1255 2082 valeant
1280 2049 1496 2092 indulgemus.

1015 2104 1030 2144 ς’
1050 2101 1102 2135 ‘lO.
1126 2103 1169 2135 Ne
1190 2109 1298 2135 autem
1323 2103 1469 2136 instituta
1501 2104 1607 2137 dictae
1642 2116 1718 2148 pro-
1760 2111 1788 2131 Ad
1807 2111 1917 2149 emim.

972 2155 1095 2188 vinciae
1128 2156 1322 2196 relaxentur,
1345 2156 1499 2190 fratribus
1519 2163 1549 2190 et
1569 2158 1718 2191 moniali-
1732 2145 1917 2196 'illiulffss'll'iisll

972 2208 1031 2241 bus
1043 2208 1245 2242 Discalceatis
1260 2209 1433 2252 praedictis
1453 2211 1632 2243 secundum
1649 2211 1717 2245 dic·
1731 2206 1837 2226 ⁰⁰³⁰⁹⁶¹⁸'

974 2268 1036 2294 tam
1058 2263 1252 2306 primitivam
1290 2263 1444 2305 Regulam
1478 2264 1644 2308 professis,
1680 2276 1720 2298 ne

972 2316 1010 2348 ad
1028 2326 1121 2349 suum
1144 2316 1279 2348 fratrum
1300 2316 1514 2359 §litigatorum
1547 2318 1596 2351 vel
1621 2318 1721 2351 alium

972 2368 1135 2408 Ordinem,
1178 2374 1404 2412 praeterquam
1442 2369 1719 2414 Cartusianorum,

973 2421 1040 2455 sine
1053 2421 1229 2465 apostasiae
1242 2428 1328 2463 nota,
1345 2422 1479 2456 transire
1500 2424 1633 2466 possint,
1650 2425 1723 2458 abs-

974 2481 1036 2514 que
1061 2470 1149 2503 Sedis
1169 2471 1371 2514 Apostolicac
1402 2472 1543 2514 licentia,
1565 2480 1723 2518 perpetuo

974 2520 1196 2563 probibemus.

1019 2569 1032 2611 g
1052 2569 1065 2600 ‘l
1075 2569 1105 2601 ²1.
1128 2569 1312 2602 Inliibentes
1332 2569 1417 2604 dicto
1437 2571 1558 2615 Angelo
1578 2572 1617 2606 de
1637 2573 1724 2606 Sala·
1747 2613 1751 2617 .

976 2628 1042 2655 xar,
1065 2623 1095 2650 et
1112 2617 1212 2660 priori
1236 2618 1379 2661 generali
1400 2630 1437 2652 ac
1457 2620 1722 2664 provincialibus,
1737 2615 1765 2638 '¹‘

1763 2580 1869 2602 Officialcs
1885 2581 1925 2603 »tt-

1769 2616 1849 2633 uturum
1878 2617 1922 2633 ..οΠ
