2059 3228
37 192 204 274 scaffen

62 285 201 317 -Ῐιοαιιηιιο
215 285 323 318 omnia
350 290 380 318 et
407 285 530 327 singula
557 284 731 328 praemissa
756 283 895 316 habeant
915 284 960 317 lo-

39 302 200 381 ὲᾚῖἶζῗ
215 348 288 371 cum
313 338 353 371 ad
379 337 516 371 savorem
538 347 819 382 quarumcumque
840 347 960 381 paupe-

39 384 198 448 “ffiss‘lffl'fss
214 401 286 424 rum
307 391 501 434 puellarum,
532 402 614 434 quac
635 402 652 423 a
672 390 834 434 praedicta
852 388 958 422 archi-

44 450 191 476 fflwntmer-
212 444 474 477 contraternitate
495 446 600 477 dotem
621 443 806 483 habuerint,
833 454 889 486 pro
909 442 957 476 di-

43 482 196 540 ffisum*
211 503 336 530 clarum
357 498 480 531 dotium
515 496 781 540 consequutione,
812 507 849 529 ac
881 506 958 539 quo-

210 561 426 595 rumcumque
447 552 485 584 ab
515 552 625 585 cadem
649 549 956 583 archicousratcrni-

207 609 271 638 tate
295 605 536 649 redemptorum
554 616 561 644 ;
584 605 627 637 ita
642 603 728 646 quod
749 603 812 636 sint
831 608 862 635 et
888 612 956 635 osse

207 657 428 701 intelligantur
447 658 505 691 sub
521 658 605 690 dicta
629 656 850 690 iurisdictione
866 656 899 688 in
923 667 956 688 0-

207 712 335 745 mnibus
354 717 385 745 ct
405 722 462 756 per
486 711 606 751 omnia,
629 721 665 744 ac
679 710 704 743 si
720 709 953 754 principaliter,

206 775 279 799 cum
301 763 363 799 illis
383 771 414 798 et
432 765 575 809 quolibet
594 764 726 797 illorum
746 764 870 806 agendo
895 774 952 797 seu

203 818 418 860 defendendo,
432 819 471 852 de
484 819 638 852 interesse
647 817 833 861 praedictae
845 817 953 851 archi·

203 872 474 905 confraternitatis
494 877 655 915 ageretur.

53 957 58 961 ,
245 925 261 969 fi
284 925 338 958 lla.
365 925 550 959 Inhibentes
571 935 719 969 expresse
744 925 901 958 moderno
921 929 952 959 et

93 992 188 1016 aiecius
200 989 261 1024 pro
276 984 422 1023 tempore
439 978 584 1012 existenti
599 978 790 1021 Signaturae
810 977 950 1011 iustitiae

40 1035 46 1044 ⁴
153 1024 376 1075 ¹¹¹·praefect0,
398 1037 455 1065 aut
473 1031 551 1064 alias
567 1042 625 1075 pro
645 1036 791 1074 tempore
812 1030 950 1064 iustitiae

72 1128 73 1132 Ἰ
100 1089 123 1140 ⁶¹²
144 1091 188 1139 :gg
201 1085 400 1129 signaturam
424 1085 566 1126 habenti,
587 1095 714 1118 necnon
734 1085 859 1127 regenti
869 1084 948 1118 Can-

46 1132 58 1152 ²·
72 1151 90 1171 ι
127 1154 187 1170 eom·
201 1138 363 1180 cellariae,
389 1139 445 1182 qui
478 1150 536 1183 pro
570 1144 715 1183 tempore
749 1139 818 1179 erit,
844 1139 948 1171 omni-

135 1186 187 1239 ξῖξῖ
199 1192 325 1236 busque
344 1199 376 1226 et
390 1192 523 1236 singulis
533 1192 771 1232 referendariis,
789 1203 828 1226 ne
844 1193 882 1225 de
896 1203 947 1225 cc-

94 1244 186 1303 ·ξζῆξζέ
201 1251 279 1287 tero,
305 1246 346 1279 ad
365 1245 550 1279 instantiam
575 1252 606 1279 et
625 1246 865 1289 requisitionem
890 1257 946 1278 cu-

63 1307 186 1338 ,pommis-
198 1299 403 1344 iuscumque,
426 1300 694 1344 supplicationem
715 1300 857 1343 aliquam
867 1299 948 1332 reci-

50 1336 183 1390 ’ῃζωω
197 1363 287 1398 pere,
305 1354 560 1387 reserendariare
575 1364 631 1387 seu
651 1364 834 1398 proponere
855 1363 946 1396 prac-

76 1406 77 1410 ’
196 1407 477 1451 sectoSignaturae
490 1407 629 1440 iustitiae
645 1407 784 1440 audeant
799 1407 846 1440 vel
856 1417 945 1451 prae-

196 1466 346 1501 sumant;
368 1467 399 1494 et
426 1461 574 1494 similiter
594 1461 791 1503 signaturam
816 1460 943 1494 facienti

163 1539 167 1543 -
195 1524 261 1548 non
281 1515 385 1557 signet
404 1515 466 1547 sive
499 1514 713 1548 avocatoriam
735 1514 796 1547 sive
821 1514 942 1557 simpli-

196 1568 242 1601 cis
257 1567 397 1601 iustitiae
409 1568 471 1601 sive
484 1568 728 1612 appellatoriam
749 1573 779 1600 et
795 1567 942 1607 similem,

194 1633 301 1666 neque
324 1622 357 1656 in
384 1623 475 1656 initio
495 1634 601 1666 neque
624 1623 656 1655 in
680 1622 785 1655 medio
806 1622 885 1661 litis,
913 1629 940 1655 et

194 1675 336 1719 signatae
355 1676 477 1709 nullius
501 1676 564 1708 sint
579 1676 705 1709 roboris
724 1681 754 1708 et
774 1676 938 1716 momenti,

194 1710 382 1773 nullamque
415 1729 556 1762 tribuant
585 1729 858 1769 iurisdictionem3
884 1740 940 1762 ne-

194 1792 258 1825 que
286 1781 354 1825 ipse
378 1781 485 1822 iudeX,
509 1783 560 1815 cui
594 1782 713 1815 suerint
738 1782 938 1823 commissae,

193 1832 310 1868 audeat
340 1835 469 1868 illarum
496 1835 612 1868 virtute
648 1836 759 1874 citare,
795 1835 940 1870 inhibere

191 1888 242 1921 vel
261 1888 507 1931 quomodolibet
538 1890 731 1933 procederffi
764 1880 889 1921 irritum
910 1895 941 1922 et

193 1941 289 1974 inane
308 1941 677 1985 quicquid‚sciente1·rel
688 1942 938 1982 ignorantemse-

193 2005 251 2027 cus
269 1994 390 2027 sactum
410 1995 517 2035 suerit,
545 1995 614 2039 ipso
634 1995 703 2028 iure
721 1995 937 2035 decernimus,

193 2047 279 2081 salva
312 2058 441 2092 semper
474 2055 583 2082 nostra
610 2059 707 2081 manu
737 2049 867 2092 propria
900 2050 941 2081 si-

194 2106 301 2143 gnata,
327 2101 396 2134 sine
420 2112 483 2145 qua
517 2112 610 2134 omne
644 2101 834 2144 rescriptum
865 2113 939 2135 cen-

193 2159 302 2188 seatur
325 2160 356 2188 et
389 2154 428 2188 sit
460 2155 635 2188 invalidum
669 2161 699 2187 et
724 2166 741 2187 a
761 2161 867 2188 nostra
888 2166 941 2188 ro-

193 2206 315 2240 luntate
335 2207 488 2241 alienum.
511 2208 547 2240 Et
568 2208 781 2241 nihilominus
800 2208 942 2241 reseren-

193 2259 324 2302 darius,
355 2261 437 2294 sicut
465 2261 697 2305 praemittitur,
728 2262 900 2305 deputatus
923 2273 940 2295 a

192 2313 358 2357 praedicta
377 2314 737 2350 archiconsraternitate,
757 2315 877 2358 absque
896 2315 941 2347 vi-

193 2365 238 2399 tio
257 2371 500 2408 attentatorum,
522 2367 698 2411 procedere
717 2367 819 2410 possit
839 2374 869 2400 et
888 2380 939 2401 va-

193 2415 331 2507 hag-15.
358 2465 396 2497 Et
415 2464 559 2508 insuper,
580 2476 631 2505 ne,
654 2471 787 2509 propter
806 2466 941 2499 difficul—

48 2516 182 2576 &2¹32an
195 2517 293 2546 tatem
320 2513 459 2546 habendi
493 2524 548 2546 seu
582 2514 794 2557 recuperandi
824 2515 941 2547 instru-

65 2445 83 2508 ΥΦ
62 2334 83 2426 nef-„⁸5⁴¹
58 2231 86 2326 Lv‘ffl
56 1987 94 2223 WJJKWD‘}
54 1789 78 1972 mq'ffiffi‘stf'
54 1725 74 1773 3·bn

875 231 977 255 stxrt's
996 231 1015 254 V
1034 231 1082 254 Pr.

1642 217 1699 250 7.⁶‘‚t
1766 224 1816 252 An.
1837 226 1865 253 c.
1885 227 1952 255 1536

1001 282 1268 320 christifidelium,
1295 293 1352 327 per
1382 281 1523 315 notarios
1547 287 1578 315 et
1602 281 1749 314 tabellio·
1767 287 1890 312 consanam⁴
1916 288 1951 308 in-

999 345 1056 367 nes
1081 336 1225 367 confecta
1251 342 1281 367 et
1300 335 1462 379 stipulata,
1492 334 1524 367 in
1554 333 1672 377 quibus
1693 344 1751 377 per
1765 320 1882 368 {irrun'ssssiiii'
1896 324 1950 370 ⁰23:

999 387 1085 430 ipsos
1106 388 1328 421 christifideles
1351 388 1381 420 in
1403 387 1547 421 eiusdem
1578 386 1748 419 archicon-
1765 380 1818 405 ‘¹¹¹⁰‘
1842 381 1949 402 ⁵⁰¹⁰¹²⁵⁵⁶

1769 410 1949 432 archicontraier-

999 440 1207 473 fraternitatis
1227 453 1281 473 suu
1301 441 1530 485 redemptionis
1550 440 1747 484 captivorum
1763 443 1897 500 ἓὲᾙῑωξξξ
1910 448 1948 493 5³⁴³:

999 494 1140 527 savorem
1150 494 1272 527 diversa
1283 496 1386 533 legata
1402 496 1494 535 saeta,
1516 494 1645 537 illisque
1664 494 1749 527 bona
1763 506 1875 532 purorum.

998 548 1111 580 relicta
1131 553 1162 580 et
1181 553 1310 590 erogata
1328 548 1459 587 suerint,
1482 553 1512 581 et
1531 548 1569 581 de
1585 547 1749 592 quibusil-

997 601 1059 635 lius
1080 602 1239 637 custodes,
1257 601 1465 641 camerarius,
1484 601 1746 635 ossicialesctmi-

997 654 1088 687 nistri
1109 654 1263 698 praedicti
1286 654 1430 687 notitiam
1450 655 1569 688 habere
1590 665 1653 688 non
1672 666 1746 699 pos-

996 712 1082 747 sunt,
1096 707 1164 751 ipsa
1177 707 1515 741 archiconsraternitas
1525 707 1610 741 varia
1626 708 1657 741 in
1668 714 1747 741 tem-

995 761 1162 805 poralibus
1182 761 1298 793 damna
1318 767 1347 793 et
1363 761 1553 794 detrimenta
1569 762 1746 796 substineat

995 820 1025 848 et
1045 815 1196 858 patiatur,
1220 814 1325 847 eidem
1346 815 1576 856 referendario,
1593 821 1629 848 ut
1650 827 1743 860 prae-

994 868 1096 902 fertur
1120 869 1221 902 electo
1253 873 1283 901 et
1306 868 1477 912 deputato,
1500 880 1611 902 omnes
1631 876 1661 903 et
1681 870 1744 903 sin-

993 922 1098 966 gulos,
1121 922 1217 954 etiam
1231 933 1514 966 quorumcumque
1530 923 1740 956 tribunalium

992 987 1029 1009 ac
1050 975 1216 1009 curiarum
1240 976 1343 1009 dictae
1372 976 1464 1009 Urbis
1497 982 1527 1009 et
1547 976 1578 1009 in
1599 977 1740 1011 archivio

992 1030 1155 1062 Romanae
1183 1029 1299 1063 Curiae
1327 1035 1359 1062 et
1382 1029 1528 1074 Capitolii
1563 1030 1740 1075 descriptos

991 1082 1134 1115 notarios
1167 1088 1198 1116 et
1227 1082 1418 1116 tabelliones
1448 1083 1606 1127 publicos,
1643 1084 1738 1117 etiam

991 1142 1291 1180 quantumcumque
1323 1137 1539 1180 privilegiatos
1572 1143 1601 1170 et
1631 1149 1738 1171 exem-

990 1196 1072 1234 ptos,
1095 1190 1151 1233 qui
1167 1190 1318 1233 deinceps
1337 1190 1502 1234 perpetuis
1520 1191 1636 1223 suturis
1656 1197 1736 1224 tem-

989 1244 1122 1288 poribus
1141 1254 1365 1287 quaecumque
1379 1243 1591 1277 instrumenta
1606 1244 1737 1287 publica

989 1307 1087 1341 super
1106 1297 1315 1337 testamentis,
1343 1297 1502 1330 codicillis
1522 1303 1552 1330 et
1571 1298 1735 1341 quibusvis

988 1355 1052 1383 tam
1072 1350 1158 1384 inter
1176 1350 1259 1383 vivos
1279 1361 1375 1393 quam
1397 1361 1491 1383 causa
1504 1351 1615 1383 mortis
1626 1351 1734 1395 dispo-

988 1404 1170 1445 sitionibus,
1197 1415 1256 1448 pro
1280 1405 1539 1448 quibuscumque
1564 1405 1734 1449 utriusque

987 1468 1079 1491 sexus
1099 1458 1374 1498 christifidelibus,
1389 1458 1560 1491 conficient
1571 1464 1623 1491 aut
1635 1459 1735 1503 stipu-

987 1511 1111 1552 labunt,
1124 1513 1171 1545 vel
1183 1512 1221 1545 de
1234 1512 1351 1555 quihus
1365 1512 1424 1555 ipsi
1434 1512 1583 1544 notariiet
1593 1512 1733 1546 tabellio-

986 1576 1042 1598 nes
1055 1576 1114 1608 pro
1134 1572 1278 1609 tempore
1290 1566 1391 1609 rogati
1409 1567 1540 1605 suerint,
1563 1567 1595 1599 in
1615 1568 1732 1611 quibus

985 1619 1037 1663 pia
1046 1620 1162 1662 legata,
1175 1620 1270 1652 etiam
1282 1620 1352 1652 iure
1364 1620 1545 1653 donationis
1557 1628 1732 1665 perpetuae

984 1674 1032 1705 vel
1052 1673 1293 1706 fideicommissi
1307 1683 1361 1706 seu
1374 1674 1514 1707 cuiusvis
1527 1675 1658 1708 alterius
1667 1676 1731 1709 dis-

984 1726 1153 1770 positionis
1182 1733 1236 1759 aut
1256 1738 1462 1770 quocumque
1490 1728 1552 1760 alio
1572 1728 1665 1761 titulo
1685 1729 1731 1761 ei-

984 1780 1057 1812 dem
1078 1780 1422 1813 archiconsraternitati
1436 1781 1497 1813 sive
1517 1781 1730 1825 redemptioni

984 1833 1184 1877 captivorum
1205 1844 1263 1877 per
1287 1834 1512 1867 christifideles
1546 1835 1584 1867 de
1617 1845 1729 1868 eorum

982 1886 1087 1927 bonis,
1103 1887 1136 1919 in
1147 1892 1212 1920 toto
1223 1888 1270 1920 vel
1295 1888 1327 1920 in
1351 1894 1453 1931 parte,
1475 1888 1630 1921 haetenus
1648 1899 1729 1932 quo-

985 1940 1159 1973 modolibet
1195 1942 1277 1973 sacta
1305 1941 1435 1974 fuerunt
1463 1947 1492 1974 et
1525 1942 1557 1973 in
1586 1942 1729 1975 futurum

983 1994 1072 2033 fient,
1096 2005 1151 2026 seu
1171 2005 1252 2037 quae
1278 1994 1449 2027 utilitatem
1459 1995 1506 2027 vel
1525 1995 1730 2028 commodum

983 2053 1037 2080 aut
1058 2053 1266 2091 augmentum
1290 2048 1462 2089 bonorum,
1486 2048 1605 2081 iurium
1636 2054 1668 2082 et
1697 2060 1731 2083 e-

983 2102 1259 2134 molumentorum
1294 2102 1656 2135 archiconfraternitatis
1674 2113 1729 2136 seu

983 2155 1213 2198 redemptionis
1230 2155 1428 2198 captivorum
1450 2155 1647 2188 huiusmodi.
1665 2162 1729 2188 tam

985 2208 1182 2241 coniunctim
1207 2219 1303 2251 quam
1324 2208 1462 2247 divisim,
1485 2214 1513 2241 et
1538 2213 1602 2241 tam
1631 2209 1731 2243 active

984 2272 1079 2304 quam
1101 2261 1234 2304 passive,
1262 2272 1298 2293 ac
1330 2267 1394 2293 tam
1421 2262 1612 2295 secundario
1632 2273 1729 2306 quam

984 2314 1215 2358 principaliter,
1253 2320 1452 2347 concernunt
1485 2321 1515 2348 et
1534 2321 1731 2349 concernent

983 2368 1225 2410 quomodolibet
1245 2369 1277 2400 in
1304 2369 1461 2407 futurum,
1496 2375 1552 2401 aut
1571 2369 1602 2401 in
1627 2370 1731 2403 archi-

985 2416 1254 2450 consraternitatis
1283 2427 1338 2449 seu
1369 2417 1599 2460 redemptionis
1632 2419 1730 2462 capti-

972 2477 1099 2499 .vorum
1118 2466 1304 2499 huiusmodi
1324 2466 1491 2499 utilitatem
1514 2468 1667 2500 cesserint
1680 2469 1729 2502 vel

985 2516 1111 2553 cedant,
1134 2515 1172 2547 ad
1194 2515 1351 2547 dictorum
1371 2515 1657 2549 instrumentorum
1673 2527 1729 2550 seu

49 2579 182 2603 ,mmmm
195 2567 303 2595 menta
322 2562 452 2605 publiea
467 2573 564 2607 super
578 2564 774 2596 testamentis
794 2575 848 2596 seu
871 2564 941 2596 aliis
985 2564 1113 2596 illorum
1142 2563 1331 2606 particulam
1363 2564 1515 2597 interesse
1544 2565 1646 2598 dictae
1676 2577 1728 2598 ar-

54 2608 122 2635 emm
141 2611 182 2634 *Μ
195 2609 454 2655 quibuscumque
500 2611 762 2656 dispositionibus
812 2612 940 2657 piorum
968 2611 1308 2647 ⁴chiconfraternitatis
1338 2624 1394 2646 seu
1426 2613 1666 2658 redemptioniS,
1693 2621 1728 2649 ut
