<?xml version="1.0" encoding="UTF-8"?>
<!DOCTYPE html PUBLIC "-//W3C//DTD XHTML 1.0 Transitional//EN"
    "http://www.w3.org/TR/xhtml1/DTD/xhtml1-transitional.dtd">
<html xmlns="http://www.w3.org/1999/xhtml" xml:lang="en" lang="en">
 <head>
  <title>
</title>
<meta http-equiv="Content-Type" content="text/html;charset=utf-8" />
  <meta name='ocr-system' content='tesseract 3.04.00' />
  <meta name='ocr-capabilities' content='ocr_page ocr_carea ocr_par ocr_line ocrx_word'/>
</head>
<body>
  <div class='ocr_page' id='page_1' title='image "./bullarumdiplomat08cath_0314.png"; bbox 0 0 2059 3228; ppageno 0'>
   <div class='ocr_carea' id='block_1_1' title="bbox 427 243 1328 278">
    <p class='ocr_par' dir='ltr' id='par_1_1' title="bbox 427 243 1328 278">
     <span class='ocr_line' id='line_1_1' title="bbox 427 243 1328 278; baseline -0.001 -2"><span class='ocrx_word' id='word_1_1' title='bbox 427 243 489 278; x_wconf 71' lang='lat'>298</span> <span class='ocrx_word' id='word_1_2' title='bbox 973 252 1156 278; x_wconf 59' lang='lat' dir='ltr'>nunamuu</span> <span class='ocrx_word' id='word_1_3' title='bbox 1173 251 1328 277; x_wconf 65' lang='lat' dir='ltr'>nouatum</span> 
     </span>
    </p>
   </div>
   <div class='ocr_carea' id='block_1_2' title="bbox 384 288 2003 610">
    <p class='ocr_par' dir='ltr' id='par_1_2' title="bbox 384 281 2003 557">
     <span class='ocr_line' id='line_1_2' title="bbox 384 288 2003 347; baseline 0.001 -10"><span class='ocrx_word' id='word_1_4' title='bbox 384 304 516 338; x_wconf 83' lang='lat' dir='ltr'>cialibus</span> <span class='ocrx_word' id='word_1_5' title='bbox 543 308 573 336; x_wconf 90' lang='lat' dir='ltr'>et</span> <span class='ocrx_word' id='word_1_6' title='bbox 605 302 806 346; x_wconf 82' lang='lat' dir='ltr'>synodalibus</span> <span class='ocrx_word' id='word_1_7' title='bbox 841 303 983 337; x_wconf 88' lang='lat' dir='ltr'>conciliis</span> <span class='ocrx_word' id='word_1_8' title='bbox 1014 303 1108 336; x_wconf 88' lang='lat' dir='ltr'>editis</span> <span class='ocrx_word' id='word_1_9' title='bbox 1125 330 1134 344; x_wconf 94' lang='lat'>,</span> <span class='ocrx_word' id='word_1_10' title='bbox 1205 302 1318 335; x_wconf 85' lang='lat' dir='ltr'>Datum</span> <span class='ocrx_word' id='word_1_11' title='bbox 1342 302 1461 336; x_wconf 82' lang='lat' dir='ltr'>Romae</span> <span class='ocrx_word' id='word_1_12' title='bbox 1484 303 1568 347; x_wconf 84' lang='lat' dir='ltr'>apud</span> <span class='ocrx_word' id='word_1_13' title='bbox 1592 303 1743 338; x_wconf 86' lang='lat' dir='ltr'>Sanctum</span> <span class='ocrx_word' id='word_1_14' title='bbox 1766 303 1921 343; x_wconf 59' lang='lat' dir='ltr'>Petrum„</span> <span class='ocrx_word' id='word_1_15' title='bbox 2001 288 2003 343; x_wconf 58' lang='lat'><em>]</em></span> 
     </span>
     <span class='ocr_line' id='line_1_3' title="bbox 384 347 1978 400; baseline -0.001 -10"><span class='ocrx_word' id='word_1_16' title='bbox 384 356 573 400; x_wconf 79' lang='lat' dir='ltr'>specialibus</span> <span class='ocrx_word' id='word_1_17' title='bbox 612 362 640 388; x_wconf 86' lang='lat' dir='ltr'>et</span> <span class='ocrx_word' id='word_1_18' title='bbox 681 356 882 398; x_wconf 82' lang='lat' dir='ltr'>generalibus</span> <span class='ocrx_word' id='word_1_19' title='bbox 901 384 908 397; x_wconf 94' lang='lat'>‚</span> <span class='ocrx_word' id='word_1_20' title='bbox 933 355 1133 390; x_wconf 88' lang='lat' dir='ltr'>constitutio·</span> <span class='ocrx_word' id='word_1_21' title='bbox 1162 354 1220 387; x_wconf 90' lang='lat' dir='ltr'>sub</span> <span class='ocrx_word' id='word_1_22' title='bbox 1243 354 1361 387; x_wconf 87' lang='lat' dir='ltr'>annulo</span> <span class='ocrx_word' id='word_1_23' title='bbox 1383 354 1564 396; x_wconf 84' lang='lat' dir='ltr'>Piscatoris‚</span> <span class='ocrx_word' id='word_1_24' title='bbox 1588 355 1640 390; x_wconf 88' lang='lat' dir='ltr'>die</span> <span class='ocrx_word' id='word_1_25' title='bbox 1663 360 1748 389; x_wconf 87' lang='lat' dir='ltr'>nona</span> <span class='ocrx_word' id='word_1_26' title='bbox 1771 361 1906 399; x_wconf 87' lang='lat' dir='ltr'>septem-</span> <span class='ocrx_word' id='word_1_27' title='bbox 1967 347 1978 363; x_wconf 77' lang='lat'><em>‘</em></span> 
     </span>
     <span class='ocr_line' id='line_1_4' title="bbox 384 407 1906 453; baseline 0.001 -11"><span class='ocrx_word' id='word_1_28' title='bbox 384 410 479 442; x_wconf 89' lang='lat' dir='ltr'>nibus</span> <span class='ocrx_word' id='word_1_29' title='bbox 503 413 531 441; x_wconf 88' lang='lat' dir='ltr'>et</span> <span class='ocrx_word' id='word_1_30' title='bbox 557 408 839 448; x_wconf 86' lang='lat' dir='ltr'>ordinationibus;</span> <span class='ocrx_word' id='word_1_31' title='bbox 864 418 989 442; x_wconf 85' lang='lat' dir='ltr'>necnon</span> <span class='ocrx_word' id='word_1_32' title='bbox 1023 408 1133 441; x_wconf 85' lang='lat' dir='ltr'>civita·</span> <span class='ocrx_word' id='word_1_33' title='bbox 1162 407 1228 439; x_wconf 89' lang='lat' dir='ltr'>bris</span> <span class='ocrx_word' id='word_1_34' title='bbox 1245 434 1254 448; x_wconf 90' lang='lat'>‚</span> <span class='ocrx_word' id='word_1_35' title='bbox 1285 407 1452 441; x_wconf 87' lang='lat' dir='ltr'>millesimo</span> <span class='ocrx_word' id='word_1_36' title='bbox 1488 408 1746 451; x_wconf 79' lang='lat' dir='ltr'>quingentesimo</span> <span class='ocrx_word' id='word_1_37' title='bbox 1780 414 1906 453; x_wconf 86' lang='lat' dir='ltr'>septua-</span> 
     </span>
     <span class='ocr_line' id='line_1_5' title="bbox 385 459 1904 504; baseline 0.001 -10"><span class='ocrx_word' id='word_1_38' title='bbox 385 468 462 499; x_wconf 84' lang='lat' dir='ltr'>tum,</span> <span class='ocrx_word' id='word_1_39' title='bbox 487 461 678 504; x_wconf 78' lang='lat' dir='ltr'>oppidorum</span> <span class='ocrx_word' id='word_1_40' title='bbox 693 488 700 501; x_wconf 91' lang='lat'>,</span> <span class='ocrx_word' id='word_1_41' title='bbox 725 466 884 495; x_wconf 88' lang='lat' dir='ltr'>terrarum</span> <span class='ocrx_word' id='word_1_42' title='bbox 899 488 907 502; x_wconf 94' lang='lat'>,</span> <span class='ocrx_word' id='word_1_43' title='bbox 932 461 1076 494; x_wconf 82' lang='lat' dir='ltr'>villarum</span> <span class='ocrx_word' id='word_1_44' title='bbox 1102 465 1133 493; x_wconf 88' lang='lat' dir='ltr'>et</span> <span class='ocrx_word' id='word_1_45' title='bbox 1162 459 1282 502; x_wconf 78' lang='lat' dir='ltr'>gesimo</span> <span class='ocrx_word' id='word_1_46' title='bbox 1299 470 1394 501; x_wconf 93' lang='lat' dir='ltr'>nono,</span> <span class='ocrx_word' id='word_1_47' title='bbox 1408 460 1611 504; x_wconf 87' lang='lat' dir='ltr'>pontificatus</span> <span class='ocrx_word' id='word_1_48' title='bbox 1627 461 1727 495; x_wconf 87' lang='lat' dir='ltr'>nostri</span> <span class='ocrx_word' id='word_1_49' title='bbox 1737 471 1821 495; x_wconf 85' lang='lat' dir='ltr'>anno</span> <span class='ocrx_word' id='word_1_50' title='bbox 1836 471 1904 502; x_wconf 82' lang='lat' dir='ltr'>vui,</span> 
     </span>
     <span class='ocr_line' id='line_1_6' title="bbox 385 513 1838 557; baseline -0.005 -9"><span class='ocrx_word' id='word_1_51' title='bbox 385 517 525 548; x_wconf 75' lang='lat' dir='ltr'>locorum</span> <span class='ocrx_word' id='word_1_52' title='bbox 552 514 796 557; x_wconf 88' lang='lat' dir='ltr'>praedictorum,</span> <span class='ocrx_word' id='word_1_53' title='bbox 821 514 918 547; x_wconf 89' lang='lat' dir='ltr'>etiam</span> <span class='ocrx_word' id='word_1_54' title='bbox 942 514 1133 553; x_wconf 86' lang='lat' dir='ltr'>iuramento,</span> <span class='ocrx_word' id='word_1_55' title='bbox 1196 513 1260 540; x_wconf 83' lang='lat' dir='ltr'>Dat.</span> <span class='ocrx_word' id='word_1_56' title='bbox 1279 513 1324 540; x_wconf 80' lang='lat' dir='ltr'>die</span> <span class='ocrx_word' id='word_1_57' title='bbox 1342 515 1359 540; x_wconf 86' lang='grc'><strong>9</strong></span> <span class='ocrx_word' id='word_1_58' title='bbox 1377 516 1445 548; x_wconf 78' lang='lat' dir='ltr'>sept.</span> <span class='ocrx_word' id='word_1_59' title='bbox 1466 514 1543 549; x_wconf 85' lang='lat'>1579,</span> <span class='ocrx_word' id='word_1_60' title='bbox 1561 515 1662 550; x_wconf 77' lang='lat' dir='ltr'>pontif.</span> <span class='ocrx_word' id='word_1_61' title='bbox 1687 523 1759 542; x_wconf 81' lang='lat' dir='ltr'>anno</span> <span class='ocrx_word' id='word_1_62' title='bbox 1777 522 1838 543; x_wconf 81' lang='lat' dir='ltr'>vm.</span> 
     </span>
    </p>

    <p class='ocr_par' dir='ltr' id='par_1_3' title="bbox 384 565 1134 610">
     <span class='ocr_line' id='line_1_7' title="bbox 384 565 1134 610; baseline -0.004 -10"><span class='ocrx_word' id='word_1_63' title='bbox 384 567 625 600; x_wconf 83' lang='lat' dir='ltr'>confirmatione</span> <span class='ocrx_word' id='word_1_64' title='bbox 649 566 820 610; x_wconf 87' lang='lat' dir='ltr'>apostolica</span> <span class='ocrx_word' id='word_1_65' title='bbox 843 567 891 600; x_wconf 90' lang='lat' dir='ltr'>vel</span> <span class='ocrx_word' id='word_1_66' title='bbox 908 566 1017 610; x_wconf 80' lang='lat' dir='ltr'>quavis</span> <span class='ocrx_word' id='word_1_67' title='bbox 1034 565 1134 598; x_wconf 85' lang='lat' dir='ltr'>firmi-</span> 
     </span>
    </p>
   </div>
   <div class='ocr_carea' id='block_1_3' title="bbox 191 257 371 284">
    <p class='ocr_par' dir='ltr' id='par_1_4' title="bbox 191 257 371 284">
     <span class='ocr_line' id='line_1_8' title="bbox 191 257 371 284; baseline -0.011 0"><span class='ocrx_word' id='word_1_68' title='bbox 191 259 238 284; x_wconf 80' lang='lat' dir='ltr'>An.</span> <span class='ocrx_word' id='word_1_69' title='bbox 259 258 285 284; x_wconf 68' lang='lat' dir='ltr'>C.</span> <span class='ocrx_word' id='word_1_70' title='bbox 308 257 371 284; x_wconf 73' lang='lat'>1579</span> 
     </span>
    </p>
   </div>
   <div class='ocr_carea' id='block_1_4' title="bbox 1454 591 1618 597">
    <p class='ocr_par' dir='ltr' id='par_1_5' title="bbox 1454 591 1618 597">
     <span class='ocr_line' id='line_1_9' title="bbox 1454 591 1618 597; baseline 0 0"><span class='ocrx_word' id='word_1_71' title='bbox 1454 591 1618 597; x_wconf 95' lang='lat' dir='ltr'> </span> 
     </span>
    </p>
   </div>
   <div class='ocr_carea' id='block_1_5' title="bbox 385 617 1136 1139">
    <p class='ocr_par' dir='ltr' id='par_1_6' title="bbox 385 617 1136 1139">
     <span class='ocr_line' id='line_1_10' title="bbox 385 617 1133 659; baseline -0.003 -7"><span class='ocrx_word' id='word_1_72' title='bbox 385 627 447 653; x_wconf 86' lang='lat' dir='ltr'>tate</span> <span class='ocrx_word' id='word_1_73' title='bbox 471 620 533 652; x_wconf 88' lang='lat' dir='ltr'>alia</span> <span class='ocrx_word' id='word_1_74' title='bbox 557 620 724 659; x_wconf 82' lang='lat' dir='ltr'>roboratis,</span> <span class='ocrx_word' id='word_1_75' title='bbox 742 619 868 653; x_wconf 86' lang='lat' dir='ltr'>statutis</span> <span class='ocrx_word' id='word_1_76' title='bbox 885 624 913 652; x_wconf 90' lang='lat' dir='ltr'>et</span> <span class='ocrx_word' id='word_1_77' title='bbox 932 617 1133 652; x_wconf 88' lang='lat' dir='ltr'>consuetudi-</span> 
     </span>
     <span class='ocr_line' id='line_1_11' title="bbox 386 672 1133 716; baseline -0.001 -11"><span class='ocrx_word' id='word_1_78' title='bbox 386 673 490 713; x_wconf 83' lang='lat' dir='ltr'>nibus,</span> <span class='ocrx_word' id='word_1_79' title='bbox 516 683 551 705; x_wconf 84' lang='lat' dir='ltr'>ac</span> <span class='ocrx_word' id='word_1_80' title='bbox 575 675 670 705; x_wconf 89' lang='lat' dir='ltr'>etiam</span> <span class='ocrx_word' id='word_1_81' title='bbox 705 673 828 716; x_wconf 78' lang='lat' dir='ltr'>legibus</span> <span class='ocrx_word' id='word_1_82' title='bbox 867 672 1133 715; x_wconf 86' lang='lat' dir='ltr'>municipalibus;</span> 
     </span>
     <span class='ocr_line' id='line_1_12' title="bbox 389 724 1134 770; baseline -0.003 -12"><span class='ocrx_word' id='word_1_83' title='bbox 389 726 561 770; x_wconf 83' lang='lat' dir='ltr'>privilegiis</span> <span class='ocrx_word' id='word_1_84' title='bbox 585 736 721 769; x_wconf 88' lang='lat' dir='ltr'>quoque,</span> <span class='ocrx_word' id='word_1_85' title='bbox 735 725 866 758; x_wconf 91' lang='lat' dir='ltr'>indultis</span> <span class='ocrx_word' id='word_1_86' title='bbox 881 730 913 758; x_wconf 89' lang='lat' dir='ltr'>et</span> <span class='ocrx_word' id='word_1_87' title='bbox 929 724 1043 757; x_wconf 89' lang='lat' dir='ltr'>litteris</span> <span class='ocrx_word' id='word_1_88' title='bbox 1060 733 1134 766; x_wconf 89' lang='lat' dir='ltr'>apo·</span> 
     </span>
     <span class='ocr_line' id='line_1_13' title="bbox 387 776 1134 822; baseline -0.005 -10"><span class='ocrx_word' id='word_1_89' title='bbox 387 779 515 819; x_wconf 74' lang='lat' dir='ltr'>stolicis,</span> <span class='ocrx_word' id='word_1_90' title='bbox 532 778 592 811; x_wconf 90' lang='lat' dir='ltr'>illis</span> <span class='ocrx_word' id='word_1_91' title='bbox 608 789 782 822; x_wconf 84' lang='lat' dir='ltr'>eorumque</span> <span class='ocrx_word' id='word_1_92' title='bbox 807 776 1134 817; x_wconf 69' lang='lat' dir='ltr'>confrater-nitatibus,</span> 
     </span>
     <span class='ocr_line' id='line_1_14' title="bbox 387 830 1135 874; baseline -0.003 -9"><span class='ocrx_word' id='word_1_93' title='bbox 387 832 656 871; x_wconf 70' lang='lat' dir='ltr'>universitatibus,</span> <span class='ocrx_word' id='word_1_94' title='bbox 682 831 845 874; x_wconf 88' lang='lat' dir='ltr'>prioribus</span> <span class='ocrx_word' id='word_1_95' title='bbox 861 858 869 872; x_wconf 90' lang='lat'>,</span> <span class='ocrx_word' id='word_1_96' title='bbox 895 830 1114 873; x_wconf 89' lang='lat' dir='ltr'>superioribus</span> <span class='ocrx_word' id='word_1_97' title='bbox 1127 857 1135 872; x_wconf 90' lang='lat'>‚</span> 
     </span>
     <span class='ocr_line' id='line_1_15' title="bbox 388 882 1135 929; baseline -0.004 -11"><span class='ocrx_word' id='word_1_98' title='bbox 388 885 657 929; x_wconf 79' lang='lat' dir='ltr'>gubernatoribus</span> <span class='ocrx_word' id='word_1_99' title='bbox 675 912 682 925; x_wconf 96' lang='lat'>,</span> <span class='ocrx_word' id='word_1_100' title='bbox 707 884 892 918; x_wconf 89' lang='lat' dir='ltr'>hominibus</span> <span class='ocrx_word' id='word_1_101' title='bbox 916 889 947 916; x_wconf 91' lang='lat' dir='ltr'>et</span> <span class='ocrx_word' id='word_1_102' title='bbox 970 882 1135 927; x_wconf 87' lang='lat' dir='ltr'>personis,</span> 
     </span>
     <span class='ocr_line' id='line_1_16' title="bbox 389 935 1135 982; baseline -0.007 -10"><span class='ocrx_word' id='word_1_103' title='bbox 389 939 447 972; x_wconf 92' lang='lat' dir='ltr'>sub</span> <span class='ocrx_word' id='word_1_104' title='bbox 471 939 726 982; x_wconf 88' lang='lat' dir='ltr'>quibuscumque</span> <span class='ocrx_word' id='word_1_105' title='bbox 758 936 923 970; x_wconf 89' lang='lat' dir='ltr'>tenoribus</span> <span class='ocrx_word' id='word_1_106' title='bbox 947 941 978 968; x_wconf 88' lang='lat' dir='ltr'>et</span> <span class='ocrx_word' id='word_1_107' title='bbox 1001 935 1112 968; x_wconf 77' lang='lat' dir='ltr'>formis</span> <span class='ocrx_word' id='word_1_108' title='bbox 1128 961 1135 975; x_wconf 95' lang='lat'>,</span> 
     </span>
     <span class='ocr_line' id='line_1_17' title="bbox 389 987 1136 1035; baseline -0.009 -9"><span class='ocrx_word' id='word_1_109' title='bbox 389 1004 426 1026; x_wconf 84' lang='lat' dir='ltr'>ac</span> <span class='ocrx_word' id='word_1_110' title='bbox 448 1003 519 1026; x_wconf 88' lang='lat' dir='ltr'>cum</span> <span class='ocrx_word' id='word_1_111' title='bbox 544 991 708 1035; x_wconf 87' lang='lat' dir='ltr'>quibusvis</span> <span class='ocrx_word' id='word_1_112' title='bbox 748 988 1022 1032; x_wconf 81' lang='lat' dir='ltr'>dcrogatoriarum</span> <span class='ocrx_word' id='word_1_113' title='bbox 1046 987 1136 1020; x_wconf 90' lang='lat' dir='ltr'>dero-</span> 
     </span>
     <span class='ocr_line' id='line_1_18' title="bbox 390 1039 1136 1090; baseline -0.012 -10"><span class='ocrx_word' id='word_1_114' title='bbox 390 1046 522 1090; x_wconf 86' lang='lat' dir='ltr'>gatoriis</span> <span class='ocrx_word' id='word_1_115' title='bbox 546 1044 680 1088; x_wconf 86' lang='lat' dir='ltr'>aliisque</span> <span class='ocrx_word' id='word_1_116' title='bbox 705 1042 937 1076; x_wconf 86' lang='lat' dir='ltr'>efficacioribus</span> <span class='ocrx_word' id='word_1_117' title='bbox 961 1046 991 1073; x_wconf 88' lang='lat' dir='ltr'>et</span> <span class='ocrx_word' id='word_1_118' title='bbox 1003 1039 1136 1073; x_wconf 90' lang='lat' dir='ltr'>insolitis</span> 
     </span>
     <span class='ocr_line' id='line_1_19' title="bbox 391 1091 1136 1139; baseline -0.013 -5"><span class='ocrx_word' id='word_1_119' title='bbox 391 1099 560 1139; x_wconf 83' lang='lat' dir='ltr'>clausulis,</span> <span class='ocrx_word' id='word_1_120' title='bbox 585 1107 709 1130; x_wconf 79' lang='lat' dir='ltr'>necnon</span> <span class='ocrx_word' id='word_1_121' title='bbox 734 1095 935 1128; x_wconf 88' lang='lat' dir='ltr'>irritantibus</span> <span class='ocrx_word' id='word_1_122' title='bbox 947 1098 975 1126; x_wconf 92' lang='lat' dir='ltr'>et</span> <span class='ocrx_word' id='word_1_123' title='bbox 992 1092 1063 1126; x_wconf 87' lang='lat' dir='ltr'>aliis</span> <span class='ocrx_word' id='word_1_124' title='bbox 1084 1091 1136 1124; x_wconf 89' lang='lat' dir='ltr'>de-</span> 
     </span>
    </p>
   </div>
   <div class='ocr_carea' id='block_1_6' title="bbox 391 1147 1906 1200">
    <p class='ocr_par' dir='ltr' id='par_1_7' title="bbox 391 1147 1906 1200">
     <span class='ocr_line' id='line_1_20' title="bbox 391 1147 1906 1200; baseline -0.001 -6"><span class='ocrx_word' id='word_1_125' title='bbox 391 1152 496 1192; x_wconf 55' lang='lat' dir='ltr'>cretis,</span> <span class='ocrx_word' id='word_1_126' title='bbox 522 1152 554 1183; x_wconf 72' lang='lat' dir='ltr'>in</span> <span class='ocrx_word' id='word_1_127' title='bbox 572 1160 686 1194; x_wconf 60' lang='lat' dir='ltr'>genere</span> <span class='ocrx_word' id='word_1_128' title='bbox 700 1150 747 1182; x_wconf 62' lang='lat' dir='ltr'>“el</span> <span class='ocrx_word' id='word_1_129' title='bbox 764 1149 797 1180; x_wconf 64' lang='lat' dir='ltr'>in</span> <span class='ocrx_word' id='word_1_130' title='bbox 811 1147 924 1192; x_wconf 66' lang='lat' dir='ltr'>speeie&gt;</span> <span class='ocrx_word' id='word_1_131' title='bbox 937 1147 1033 1180; x_wconf 61' lang='lat' dir='ltr'>etiam</span> <span class='ocrx_word' id='word_1_132' title='bbox 1050 1149 1136 1177; x_wconf 69' lang='lat'>“¹⁰¹⁰</span> <span class='ocrx_word' id='word_1_133' title='bbox 1166 1163 1306 1199; x_wconf 63' lang='lat' dir='ltr'>Gregorius</span> <span class='ocrx_word' id='word_1_134' title='bbox 1329 1164 1401 1200; x_wconf 72' lang='lat' dir='ltr'>Papa</span> <span class='ocrx_word' id='word_1_135' title='bbox 1419 1164 1471 1193; x_wconf 86' lang='grc' dir='ltr'><strong>ΧΙΙΙ</strong></span> <span class='ocrx_word' id='word_1_136' title='bbox 1492 1164 1597 1193; x_wconf 78' lang='lat' dir='ltr'>dilectis</span> <span class='ocrx_word' id='word_1_137' title='bbox 1617 1165 1676 1192; x_wconf 79' lang='lat' dir='ltr'>tiliis</span> <span class='ocrx_word' id='word_1_138' title='bbox 1697 1163 1906 1200; x_wconf 59' lang='lat' dir='ltr'>praepositum-</span> 
     </span>
    </p>
   </div>
   <div class='ocr_carea' id='block_1_7' title="bbox 391 1199 1141 1351">
    <p class='ocr_par' dir='ltr' id='par_1_8' title="bbox 391 1199 1141 1351">
     <span class='ocr_line' id='line_1_21' title="bbox 391 1199 1139 1244; baseline -0.011 -6"><span class='ocrx_word' id='word_1_139' title='bbox 391 1210 423 1238; x_wconf 89' lang='lat' dir='ltr'>et</span> <span class='ocrx_word' id='word_1_140' title='bbox 446 1204 579 1238; x_wconf 82' lang='lat' dir='ltr'>scientia</span> <span class='ocrx_word' id='word_1_141' title='bbox 604 1203 760 1235; x_wconf 83' lang='lat' dir='ltr'>similibus</span> <span class='ocrx_word' id='word_1_142' title='bbox 777 1212 812 1234; x_wconf 87' lang='lat' dir='ltr'>ac</span> <span class='ocrx_word' id='word_1_143' title='bbox 830 1201 868 1234; x_wconf 91' lang='lat' dir='ltr'>de</span> <span class='ocrx_word' id='word_1_144' title='bbox 885 1199 1074 1244; x_wconf 83' lang='lat' dir='ltr'>apostolicae</span> <span class='ocrx_word' id='word_1_145' title='bbox 1084 1208 1139 1241; x_wconf 92' lang='lat' dir='ltr'>po-</span> 
     </span>
     <span class='ocr_line' id='line_1_22' title="bbox 394 1250 1141 1300; baseline -0.012 -8"><span class='ocrx_word' id='word_1_146' title='bbox 394 1258 516 1292; x_wconf 88' lang='lat' dir='ltr'>testatis</span> <span class='ocrx_word' id='word_1_147' title='bbox 528 1256 725 1300; x_wconf 86' lang='lat' dir='ltr'>plenitudine</span> <span class='ocrx_word' id='word_1_148' title='bbox 741 1266 796 1288; x_wconf 91' lang='lat' dir='ltr'>seu</span> <span class='ocrx_word' id='word_1_149' title='bbox 812 1254 889 1287; x_wconf 84' lang='lat' dir='ltr'>alias</span> <span class='ocrx_word' id='word_1_150' title='bbox 905 1250 1141 1296; x_wconf 83' lang='lat' dir='ltr'>quomodolibet</span> 
     </span>
     <span class='ocr_line' id='line_1_23' title="bbox 395 1306 1141 1351; baseline -0.012 -6"><span class='ocrx_word' id='word_1_151' title='bbox 395 1311 554 1345; x_wconf 81' lang='lat' dir='ltr'>concessis</span> <span class='ocrx_word' id='word_1_152' title='bbox 571 1337 578 1351; x_wconf 95' lang='lat'>,</span> <span class='ocrx_word' id='word_1_153' title='bbox 603 1310 699 1342; x_wconf 86' lang='lat' dir='ltr'>etiam</span> <span class='ocrx_word' id='word_1_154' title='bbox 739 1308 861 1342; x_wconf 82' lang='lat' dir='ltr'>iteratis</span> <span class='ocrx_word' id='word_1_155' title='bbox 883 1306 1004 1339; x_wconf 87' lang='lat' dir='ltr'>vicibus</span> <span class='ocrx_word' id='word_1_156' title='bbox 1028 1314 1141 1348; x_wconf 90' lang='lat' dir='ltr'>appro-</span> 
     </span>
    </p>
   </div>
   <div class='ocr_carea' id='block_1_8' title="bbox 1502 665 1571 699">
    <p class='ocr_par' dir='ltr' id='par_1_9' title="bbox 1502 665 1571 699">
     <span class='ocr_line' id='line_1_24' title="bbox 1502 665 1571 699; baseline -0.014 0"><span class='ocrx_word' id='word_1_157' title='bbox 1502 665 1571 699; x_wconf 83' lang='lat' dir='ltr'>CVI.</span> 
     </span>
    </p>
   </div>
   <div class='ocr_carea' id='block_1_9' title="bbox 1169 752 1949 1017">
    <p class='ocr_par' dir='ltr' id='par_1_10' title="bbox 1169 752 1949 1017">
     <span class='ocr_line' id='line_1_25' title="bbox 1169 752 1949 806; baseline 0.008 -14"><span class='ocrx_word' id='word_1_158' title='bbox 1169 759 1249 793; x_wconf 76' lang='lat' dir='ltr'>Usus</span> <span class='ocrx_word' id='word_1_159' title='bbox 1272 762 1386 795; x_wconf 80' lang='lat' dir='ltr'>altaris</span> <span class='ocrx_word' id='word_1_160' title='bbox 1404 763 1564 806; x_wconf 70' lang='lat' dir='ltr'>portatilis</span> <span class='ocrx_word' id='word_1_161' title='bbox 1580 763 1734 806; x_wconf 69' lang='lat' dir='ltr'>reliyiosis</span> <span class='ocrx_word' id='word_1_162' title='bbox 1750 763 1912 806; x_wconf 62' lang='lat' dir='ltr'>Socielatis</span> <span class='ocrx_word' id='word_1_163' title='bbox 1946 752 1949 753; x_wconf 26' lang='lat'><em>⁷</em></span> 
     </span>
     <span class='ocr_line' id='line_1_26' title="bbox 1207 814 1912 854; baseline 0.003 -8"><span class='ocrx_word' id='word_1_164' title='bbox 1207 814 1281 846; x_wconf 73' lang='lat' dir='ltr'>Iesu</span> <span class='ocrx_word' id='word_1_165' title='bbox 1305 815 1486 848; x_wconf 76' lang='lat' dir='ltr'>restituitur</span> <span class='ocrx_word' id='word_1_166' title='bbox 1501 842 1510 854; x_wconf 85' lang='lat'><em>‚</em></span> <span class='ocrx_word' id='word_1_167' title='bbox 1533 826 1598 848; x_wconf 78' lang='lat' dir='ltr'>non</span> <span class='ocrx_word' id='word_1_168' title='bbox 1625 816 1763 849; x_wconf 77' lang='lat' dir='ltr'>obstante</span> <span class='ocrx_word' id='word_1_169' title='bbox 1785 816 1912 851; x_wconf 69' lang='lat' dir='ltr'>concilii</span> 
     </span>
     <span class='ocr_line' id='line_1_27' title="bbox 1212 866 1913 911; baseline 0.003 -12"><span class='ocrx_word' id='word_1_170' title='bbox 1212 866 1390 900; x_wconf 55' lang='lat' dir='ltr'>Tridentini</span> <span class='ocrx_word' id='word_1_171' title='bbox 1428 868 1631 911; x_wconf 74' lang='lat' dir='ltr'>dispositione</span> <span class='ocrx_word' id='word_1_172' title='bbox 1646 895 1654 909; x_wconf 89' lang='lat'>,</span> <span class='ocrx_word' id='word_1_173' title='bbox 1685 873 1721 902; x_wconf 79' lang='lat' dir='ltr'>ut</span> <span class='ocrx_word' id='word_1_174' title='bbox 1744 869 1780 902; x_wconf 81' lang='lat' dir='ltr'>in</span> <span class='ocrx_word' id='word_1_175' title='bbox 1803 879 1913 904; x_wconf 79' lang='lat' dir='ltr'>eorum</span> 
     </span>
     <span class='ocr_line' id='line_1_28' title="bbox 1208 921 1914 965; baseline 0.006 -13"><span class='ocrx_word' id='word_1_176' title='bbox 1208 921 1371 953; x_wconf 78' lang='lat' dir='ltr'>missiones</span> <span class='ocrx_word' id='word_1_177' title='bbox 1385 947 1394 959; x_wconf 88' lang='lat'><em>‚</em></span> <span class='ocrx_word' id='word_1_178' title='bbox 1417 931 1498 964; x_wconf 79' lang='lat' dir='ltr'>quae</span> <span class='ocrx_word' id='word_1_179' title='bbox 1522 932 1542 954; x_wconf 83' lang='lat' dir='ltr'>a</span> <span class='ocrx_word' id='word_1_180' title='bbox 1565 922 1779 965; x_wconf 78' lang='lat' dir='ltr'>superioribus</span> <span class='ocrx_word' id='word_1_181' title='bbox 1803 931 1914 957; x_wconf 71' lang='lat' dir='ltr'>emm</span> 
     </span>
     <span class='ocr_line' id='line_1_29' title="bbox 1209 973 1914 1017; baseline 0 -11"><span class='ocrx_word' id='word_1_182' title='bbox 1209 973 1304 1015; x_wconf 77' lang='lat' dir='ltr'>fiunt,</span> <span class='ocrx_word' id='word_1_183' title='bbox 1329 974 1446 1017; x_wconf 76' lang='lat' dir='ltr'>ubique</span> <span class='ocrx_word' id='word_1_184' title='bbox 1468 975 1504 1007; x_wconf 79' lang='lat' dir='ltr'>in</span> <span class='ocrx_word' id='word_1_185' title='bbox 1520 976 1584 1007; x_wconf 87' lang='lat' dir='ltr'>loco</span> <span class='ocrx_word' id='word_1_186' title='bbox 1607 978 1674 1007; x_wconf 78' lang='lat' dir='ltr'>tulo</span> <span class='ocrx_word' id='word_1_187' title='bbox 1689 975 1821 1009; x_wconf 81' lang='lat' dir='ltr'>missam</span> <span class='ocrx_word' id='word_1_188' title='bbox 1839 975 1914 1008; x_wconf 75' lang='lat' dir='ltr'>cele-</span> 
     </span>
    </p>
   </div>
   <div class='ocr_carea' id='block_1_10' title="bbox 1207 1026 1914 1111">
    <p class='ocr_par' dir='ltr' id='par_1_11' title="bbox 1207 1026 1914 1111">
     <span class='ocr_line' id='line_1_30' title="bbox 1208 1026 1914 1071; baseline 0.006 -13"><span class='ocrx_word' id='word_1_189' title='bbox 1208 1026 1298 1059; x_wconf 85' lang='lat' dir='ltr'>brare</span> <span class='ocrx_word' id='word_1_190' title='bbox 1321 1030 1349 1059; x_wconf 84' lang='lat' dir='ltr'>ec</span> <span class='ocrx_word' id='word_1_191' title='bbox 1372 1026 1612 1060; x_wconf 75' lang='lat' dir='ltr'>Eucharistiam</span> <span class='ocrx_word' id='word_1_192' title='bbox 1635 1028 1821 1062; x_wconf 77' lang='lat' dir='ltr'>ministrare</span> <span class='ocrx_word' id='word_1_193' title='bbox 1840 1037 1914 1071; x_wconf 77' lang='lat' dir='ltr'>pos-</span> 
     </span>
     <span class='ocr_line' id='line_1_31' title="bbox 1207 1079 1282 1111; baseline 0.027 -2"><span class='ocrx_word' id='word_1_194' title='bbox 1207 1079 1282 1111; x_wconf 73' lang='lat' dir='ltr'>sint.</span> 
     </span>
    </p>
   </div>
   <div class='ocr_carea' id='block_1_11' title="bbox 1206 1221 1769 1258">
    <p class='ocr_par' dir='ltr' id='par_1_12' title="bbox 1206 1221 1769 1258">
     <span class='ocr_line' id='line_1_32' title="bbox 1206 1221 1769 1258; baseline 0.002 -9"><span class='ocrx_word' id='word_1_195' title='bbox 1206 1222 1289 1250; x_wconf 78' lang='lat' dir='ltr'>nei-ali</span> <span class='ocrx_word' id='word_1_196' title='bbox 1311 1224 1338 1251; x_wconf 78' lang='lat' dir='ltr'>et</span> <span class='ocrx_word' id='word_1_197' title='bbox 1358 1222 1519 1258; x_wconf 72' lang='lat' dir='ltr'>presbyteris</span> <span class='ocrx_word' id='word_1_198' title='bbox 1539 1221 1682 1250; x_wconf 78' lang='lat' dir='ltr'>Societatis</span> <span class='ocrx_word' id='word_1_199' title='bbox 1703 1222 1769 1250; x_wconf 73' lang='lat' dir='ltr'>lesu.</span> 
     </span>
    </p>
   </div>
   <div class='ocr_carea' id='block_1_12' title="bbox 1205 1287 2002 1347">
    <p class='ocr_par' dir='ltr' id='par_1_13' title="bbox 1205 1287 2002 1347">
     <span class='ocr_line' id='line_1_33' title="bbox 1205 1287 2002 1347; baseline 0.003 -11"><span class='ocrx_word' id='word_1_200' title='bbox 1205 1291 1228 1347; x_wconf 63' lang='grc' dir='ltr'>ξ</span> <span class='ocrx_word' id='word_1_201' title='bbox 1245 1304 1274 1336; x_wconf 88' lang='grc'>1.</span> <span class='ocrx_word' id='word_1_202' title='bbox 1291 1304 1389 1336; x_wconf 91' lang='lat' dir='ltr'>Usum</span> <span class='ocrx_word' id='word_1_203' title='bbox 1403 1303 1510 1337; x_wconf 87' lang='lat' dir='ltr'>altaris</span> <span class='ocrx_word' id='word_1_204' title='bbox 1526 1303 1632 1336; x_wconf 86' lang='lat' dir='ltr'>viatici</span> <span class='ocrx_word' id='word_1_205' title='bbox 1645 1303 1792 1336; x_wconf 86' lang='lat' dir='ltr'>Societali</span> <span class='ocrx_word' id='word_1_206' title='bbox 1805 1308 1916 1339; x_wconf 79' lang='lat' dir='ltr'>vestrae</span> <span class='ocrx_word' id='word_1_207' title='bbox 1960 1287 2002 1340; x_wconf 26' lang='lat'>³2,-</span> 
     </span>
    </p>
   </div>
   <div class='ocr_carea' id='block_1_13' title="bbox 397 1348 1986 1400">
    <p class='ocr_par' dir='ltr' id='par_1_14' title="bbox 397 1348 1998 1400">
     <span class='ocr_line' id='line_1_34' title="bbox 397 1348 1986 1400; baseline -0.007 -2"><span class='ocrx_word' id='word_1_208' title='bbox 397 1366 480 1398; x_wconf 88' lang='lat' dir='ltr'>batis</span> <span class='ocrx_word' id='word_1_209' title='bbox 504 1369 532 1397; x_wconf 89' lang='lat' dir='ltr'>et</span> <span class='ocrx_word' id='word_1_210' title='bbox 558 1363 726 1396; x_wconf 83' lang='lat' dir='ltr'>innovatis.</span> <span class='ocrx_word' id='word_1_211' title='bbox 762 1361 882 1400; x_wconf 85' lang='lat' dir='ltr'>Quibus</span> <span class='ocrx_word' id='word_1_212' title='bbox 905 1359 1074 1399; x_wconf 83' lang='lat' dir='ltr'>omnibus,</span> <span class='ocrx_word' id='word_1_213' title='bbox 1098 1362 1142 1390; x_wconf 90' lang='lat' dir='ltr'>et·</span> <span class='ocrx_word' id='word_1_214' title='bbox 1171 1367 1188 1389; x_wconf 90' lang='lat' dir='ltr'>a</span> <span class='ocrx_word' id='word_1_215' title='bbox 1211 1356 1310 1390; x_wconf 82' lang='lat' dir='ltr'>felicis</span> <span class='ocrx_word' id='word_1_216' title='bbox 1333 1356 1561 1389; x_wconf 85' lang='lat' dir='ltr'>recordationis</span> <span class='ocrx_word' id='word_1_217' title='bbox 1576 1357 1672 1390; x_wconf 88' lang='lat' dir='ltr'>Paulo</span> <span class='ocrx_word' id='word_1_218' title='bbox 1688 1357 1772 1400; x_wconf 84' lang='lat' dir='ltr'>Papa</span> <span class='ocrx_word' id='word_1_219' title='bbox 1786 1356 1826 1389; x_wconf 85' lang='lat'>111</span> <span class='ocrx_word' id='word_1_220' title='bbox 1841 1365 1915 1390; x_wconf 85' lang='lat' dir='ltr'>con·</span> <span class='ocrx_word' id='word_1_221' title='bbox 1925 1348 1986 1368; x_wconf 69' lang='lat'><strong>⁴¹⁸¹*</strong></span> 
     </span>
    </p>
   </div>
   <div class='ocr_carea' id='block_1_14' title="bbox 395 1411 1155 2685">
    <p class='ocr_par' dir='ltr' id='par_1_15' title="bbox 395 1411 1155 2685">
     <span class='ocr_line' id='line_1_35' title="bbox 395 1411 1140 1460; baseline -0.015 -8"><span class='ocrx_word' id='word_1_222' title='bbox 395 1419 420 1453; x_wconf 90' lang='lat' dir='ltr'>si</span> <span class='ocrx_word' id='word_1_223' title='bbox 445 1419 482 1452; x_wconf 91' lang='lat' dir='ltr'>de</span> <span class='ocrx_word' id='word_1_224' title='bbox 508 1418 567 1451; x_wconf 87' lang='lat' dir='ltr'>illis</span> <span class='ocrx_word' id='word_1_225' title='bbox 592 1426 766 1460; x_wconf 85' lang='lat' dir='ltr'>eorumque</span> <span class='ocrx_word' id='word_1_226' title='bbox 791 1414 864 1447; x_wconf 86' lang='lat' dir='ltr'>totis</span> <span class='ocrx_word' id='word_1_227' title='bbox 888 1411 1053 1446; x_wconf 89' lang='lat' dir='ltr'>tenoribus</span> <span class='ocrx_word' id='word_1_228' title='bbox 1070 1419 1140 1452; x_wconf 86' lang='lat' dir='ltr'>spe-</span> 
     </span>
     <span class='ocr_line' id='line_1_36' title="bbox 395 1463 1143 1515; baseline -0.017 -8"><span class='ocrx_word' id='word_1_229' title='bbox 395 1474 493 1512; x_wconf 88' lang='lat' dir='ltr'>cialis,</span> <span class='ocrx_word' id='word_1_230' title='bbox 518 1471 674 1515; x_wconf 82' lang='lat' dir='ltr'>specifica,</span> <span class='ocrx_word' id='word_1_231' title='bbox 699 1478 843 1512; x_wconf 87' lang='lat' dir='ltr'>expressa</span> <span class='ocrx_word' id='word_1_232' title='bbox 867 1471 897 1499; x_wconf 85' lang='lat' dir='ltr'>et</span> <span class='ocrx_word' id='word_1_233' title='bbox 921 1463 1083 1498; x_wconf 86' lang='lat' dir='ltr'>individua</span> <span class='ocrx_word' id='word_1_234' title='bbox 1107 1472 1143 1494; x_wconf 87' lang='lat' dir='ltr'>ac</span> 
     </span>
     <span class='ocr_line' id='line_1_37' title="bbox 398 1523 1144 1561; baseline -0.016 -1"><span class='ocrx_word' id='word_1_235' title='bbox 398 1528 437 1560; x_wconf 89' lang='lat' dir='ltr'>de</span> <span class='ocrx_word' id='word_1_236' title='bbox 461 1525 557 1558; x_wconf 87' lang='lat' dir='ltr'>verbo</span> <span class='ocrx_word' id='word_1_237' title='bbox 592 1523 632 1556; x_wconf 90' lang='lat' dir='ltr'>ad</span> <span class='ocrx_word' id='word_1_238' title='bbox 667 1523 819 1561; x_wconf 84' lang='lat' dir='ltr'>verbum,</span> <span class='ocrx_word' id='word_1_239' title='bbox 855 1529 920 1552; x_wconf 89' lang='lat' dir='ltr'>non</span> <span class='ocrx_word' id='word_1_240' title='bbox 959 1523 1064 1550; x_wconf 85' lang='lat' dir='ltr'>autem</span> <span class='ocrx_word' id='word_1_241' title='bbox 1088 1526 1144 1559; x_wconf 92' lang='lat' dir='ltr'>per</span> 
     </span>
     <span class='ocr_line' id='line_1_38' title="bbox 397 1574 1143 1620; baseline -0.015 -8"><span class='ocrx_word' id='word_1_242' title='bbox 397 1579 552 1613; x_wconf 83' lang='lat' dir='ltr'>clausulas</span> <span class='ocrx_word' id='word_1_243' title='bbox 587 1577 751 1620; x_wconf 80' lang='lat' dir='ltr'>generales</span> <span class='ocrx_word' id='word_1_244' title='bbox 790 1574 873 1607; x_wconf 91' lang='lat' dir='ltr'>idem</span> <span class='ocrx_word' id='word_1_245' title='bbox 912 1574 1143 1615; x_wconf 66' lang='lat' dir='ltr'>imponantes,</span> 
     </span>
     <span class='ocr_line' id='line_1_39' title="bbox 397 1622 1143 1672; baseline -0.015 -7"><span class='ocrx_word' id='word_1_246' title='bbox 397 1632 516 1666; x_wconf 88' lang='lat' dir='ltr'>mentio</span> <span class='ocrx_word' id='word_1_247' title='bbox 555 1641 611 1663; x_wconf 83' lang='lat' dir='ltr'>seu</span> <span class='ocrx_word' id='word_1_248' title='bbox 649 1627 780 1672; x_wconf 85' lang='lat' dir='ltr'>quaevis</span> <span class='ocrx_word' id='word_1_249' title='bbox 819 1627 880 1658; x_wconf 91' lang='lat' dir='ltr'>alia</span> <span class='ocrx_word' id='word_1_250' title='bbox 907 1623 1064 1668; x_wconf 87' lang='lat' dir='ltr'>expressio</span> <span class='ocrx_word' id='word_1_251' title='bbox 1088 1622 1143 1654; x_wconf 89' lang='lat' dir='ltr'>ha-</span> 
     </span>
     <span class='ocr_line' id='line_1_40' title="bbox 397 1676 1145 1725; baseline -0.017 -6"><span class='ocrx_word' id='word_1_252' title='bbox 397 1686 511 1725; x_wconf 87' lang='lat' dir='ltr'>henda,</span> <span class='ocrx_word' id='word_1_253' title='bbox 535 1690 590 1716; x_wconf 86' lang='lat' dir='ltr'>aut</span> <span class='ocrx_word' id='word_1_254' title='bbox 614 1683 719 1725; x_wconf 84' lang='lat' dir='ltr'>aliqua</span> <span class='ocrx_word' id='word_1_255' title='bbox 758 1680 818 1713; x_wconf 87' lang='lat' dir='ltr'>alia</span> <span class='ocrx_word' id='word_1_256' title='bbox 856 1677 1010 1721; x_wconf 86' lang='lat' dir='ltr'>exquisita</span> <span class='ocrx_word' id='word_1_257' title='bbox 1044 1676 1145 1708; x_wconf 87' lang='lat' dir='ltr'>forma</span> 
     </span>
     <span class='ocr_line' id='line_1_41' title="bbox 398 1726 1145 1774; baseline -0.02 -1"><span class='ocrx_word' id='word_1_258' title='bbox 398 1740 437 1773; x_wconf 89' lang='lat' dir='ltr'>ad</span> <span class='ocrx_word' id='word_1_259' title='bbox 454 1740 514 1771; x_wconf 88' lang='lat' dir='ltr'>boc</span> <span class='ocrx_word' id='word_1_260' title='bbox 531 1736 684 1770; x_wconf 76' lang='lat' dir='ltr'>servanda</span> <span class='ocrx_word' id='word_1_261' title='bbox 701 1739 792 1774; x_wconf 83' lang='lat' dir='ltr'>esset,</span> <span class='ocrx_word' id='word_1_262' title='bbox 808 1739 933 1766; x_wconf 83' lang='lat' dir='ltr'>tenores</span> <span class='ocrx_word' id='word_1_263' title='bbox 950 1726 1145 1766; x_wconf 82' lang='lat' dir='ltr'>huiusmodi,</span> 
     </span>
     <span class='ocr_line' id='line_1_42' title="bbox 399 1782 1145 1827; baseline -0.02 1"><span class='ocrx_word' id='word_1_264' title='bbox 399 1805 435 1827; x_wconf 90' lang='lat' dir='ltr'>ac</span> <span class='ocrx_word' id='word_1_265' title='bbox 458 1794 483 1827; x_wconf 93' lang='lat' dir='ltr'>si</span> <span class='ocrx_word' id='word_1_266' title='bbox 509 1793 546 1825; x_wconf 92' lang='lat' dir='ltr'>de</span> <span class='ocrx_word' id='word_1_267' title='bbox 571 1791 667 1824; x_wconf 85' lang='lat' dir='ltr'>verbo</span> <span class='ocrx_word' id='word_1_268' title='bbox 692 1789 731 1822; x_wconf 90' lang='lat' dir='ltr'>ad</span> <span class='ocrx_word' id='word_1_269' title='bbox 755 1787 898 1827; x_wconf 87' lang='lat' dir='ltr'>verbum,</span> <span class='ocrx_word' id='word_1_270' title='bbox 922 1784 1002 1818; x_wconf 91' lang='lat' dir='ltr'>nihil</span> <span class='ocrx_word' id='word_1_271' title='bbox 1018 1782 1145 1827; x_wconf 89' lang='lat' dir='ltr'>penitus</span> 
     </span>
     <span class='ocr_line' id='line_1_43' title="bbox 399 1836 1146 1886; baseline -0.016 -6"><span class='ocrx_word' id='word_1_272' title='bbox 399 1847 537 1886; x_wconf 89' lang='lat' dir='ltr'>omisso,</span> <span class='ocrx_word' id='word_1_273' title='bbox 576 1849 607 1877; x_wconf 93' lang='lat' dir='ltr'>et</span> <span class='ocrx_word' id='word_1_274' title='bbox 644 1843 745 1876; x_wconf 83' lang='lat' dir='ltr'>forma</span> <span class='ocrx_word' id='word_1_275' title='bbox 780 1841 814 1873; x_wconf 93' lang='lat' dir='ltr'>in</span> <span class='ocrx_word' id='word_1_276' title='bbox 852 1839 913 1872; x_wconf 82' lang='lat' dir='ltr'>illis</span> <span class='ocrx_word' id='word_1_277' title='bbox 953 1837 1068 1871; x_wconf 85' lang='lat' dir='ltr'>tradita</span> <span class='ocrx_word' id='word_1_278' title='bbox 1091 1836 1146 1869; x_wconf 92' lang='lat' dir='ltr'>ob-</span> 
     </span>
     <span class='ocr_line' id='line_1_44' title="bbox 401 1891 1147 1939; baseline -0.016 -6"><span class='ocrx_word' id='word_1_279' title='bbox 401 1905 533 1939; x_wconf 87' lang='lat' dir='ltr'>servata,</span> <span class='ocrx_word' id='word_1_280' title='bbox 558 1897 668 1930; x_wconf 88' lang='lat' dir='ltr'>inserti</span> <span class='ocrx_word' id='word_1_281' title='bbox 693 1896 793 1928; x_wconf 82' lang='lat' dir='ltr'>forent</span> <span class='ocrx_word' id='word_1_282' title='bbox 818 1891 1040 1937; x_wconf 81' lang='lat' dir='ltr'>praesentibus</span> <span class='ocrx_word' id='word_1_283' title='bbox 1056 1917 1064 1930; x_wconf 97' lang='lat'>,</span> <span class='ocrx_word' id='word_1_284' title='bbox 1089 1898 1147 1932; x_wconf 91' lang='lat' dir='ltr'>pro</span> 
     </span>
     <span class='ocr_line' id='line_1_45' title="bbox 401 1942 1148 1992; baseline -0.017 -5"><span class='ocrx_word' id='word_1_285' title='bbox 401 1953 593 1987; x_wconf 84' lang='lat' dir='ltr'>sufficienter</span> <span class='ocrx_word' id='word_1_286' title='bbox 616 1950 772 1992; x_wconf 85' lang='lat' dir='ltr'>expressis</span> <span class='ocrx_word' id='word_1_287' title='bbox 795 1947 963 1985; x_wconf 87' lang='lat' dir='ltr'>habentes,</span> <span class='ocrx_word' id='word_1_288' title='bbox 987 1943 1048 1976; x_wconf 90' lang='lat' dir='ltr'>illis</span> <span class='ocrx_word' id='word_1_289' title='bbox 1071 1942 1148 1975; x_wconf 86' lang='lat' dir='ltr'>alias</span> 
     </span>
     <span class='ocr_line' id='line_1_46' title="bbox 403 1995 1148 2045; baseline -0.017 -5"><span class='ocrx_word' id='word_1_290' title='bbox 403 2008 436 2040; x_wconf 88' lang='lat' dir='ltr'>in</span> <span class='ocrx_word' id='word_1_291' title='bbox 475 2017 532 2039; x_wconf 90' lang='lat' dir='ltr'>suo</span> <span class='ocrx_word' id='word_1_292' title='bbox 571 2005 685 2038; x_wconf 88' lang='lat' dir='ltr'>robore</span> <span class='ocrx_word' id='word_1_293' title='bbox 720 1999 960 2045; x_wconf 86' lang='lat' dir='ltr'>permansuris,</span> <span class='ocrx_word' id='word_1_294' title='bbox 995 1997 1055 2029; x_wconf 88' lang='lat' dir='ltr'>hac</span> <span class='ocrx_word' id='word_1_295' title='bbox 1082 1995 1148 2028; x_wconf 86' lang='lat' dir='ltr'>vice</span> 
     </span>
     <span class='ocr_line' id='line_1_47' title="bbox 404 2051 1149 2100; baseline -0.016 -6"><span class='ocrx_word' id='word_1_296' title='bbox 404 2062 587 2098; x_wconf 79' lang='lat' dir='ltr'>dumtaxat,</span> <span class='ocrx_word' id='word_1_297' title='bbox 611 2056 790 2100; x_wconf 84' lang='lat' dir='ltr'>specialiter</span> <span class='ocrx_word' id='word_1_298' title='bbox 821 2059 852 2087; x_wconf 91' lang='lat' dir='ltr'>et</span> <span class='ocrx_word' id='word_1_299' title='bbox 890 2061 1034 2095; x_wconf 82' lang='lat' dir='ltr'>expresso</span> <span class='ocrx_word' id='word_1_300' title='bbox 1059 2051 1149 2084; x_wconf 86' lang='lat' dir='ltr'>dero-</span> 
     </span>
     <span class='ocr_line' id='line_1_48' title="bbox 405 2103 1149 2157; baseline -0.015 -11"><span class='ocrx_word' id='word_1_301' title='bbox 405 2123 527 2157; x_wconf 75' lang='lat' dir='ltr'>gamus,</span> <span class='ocrx_word' id='word_1_302' title='bbox 551 2120 677 2143; x_wconf 90' lang='lat' dir='ltr'>necnon</span> <span class='ocrx_word' id='word_1_303' title='bbox 701 2107 850 2141; x_wconf 91' lang='lat' dir='ltr'>omnibus</span> <span class='ocrx_word' id='word_1_304' title='bbox 890 2105 949 2138; x_wconf 87' lang='lat' dir='ltr'>illis</span> <span class='ocrx_word' id='word_1_305' title='bbox 966 2132 974 2145; x_wconf 94' lang='lat'><em>‚</em></span> <span class='ocrx_word' id='word_1_306' title='bbox 1012 2114 1093 2148; x_wconf 89' lang='lat' dir='ltr'>quae</span> <span class='ocrx_word' id='word_1_307' title='bbox 1118 2103 1149 2136; x_wconf 93' lang='lat' dir='ltr'>in</span> 
     </span>
     <span class='ocr_line' id='line_1_49' title="bbox 409 2155 1151 2208; baseline -0.015 -10"><span class='ocrx_word' id='word_1_308' title='bbox 409 2165 542 2208; x_wconf 84' lang='lat' dir='ltr'>singulis</span> <span class='ocrx_word' id='word_1_309' title='bbox 565 2161 678 2196; x_wconf 86' lang='lat' dir='ltr'>litteris</span> <span class='ocrx_word' id='word_1_310' title='bbox 701 2159 870 2204; x_wconf 87' lang='lat' dir='ltr'>praedictis</span> <span class='ocrx_word' id='word_1_311' title='bbox 895 2166 1075 2200; x_wconf 85' lang='lat' dir='ltr'>expressum</span> <span class='ocrx_word' id='word_1_312' title='bbox 1093 2155 1151 2187; x_wconf 86' lang='lat' dir='ltr'>fuit</span> 
     </span>
     <span class='ocr_line' id='line_1_50' title="bbox 408 2211 1150 2256; baseline -0.013 -5"><span class='ocrx_word' id='word_1_313' title='bbox 408 2229 472 2251; x_wconf 94' lang='lat' dir='ltr'>non</span> <span class='ocrx_word' id='word_1_314' title='bbox 496 2218 622 2250; x_wconf 85' lang='lat' dir='ltr'>obstare</span> <span class='ocrx_word' id='word_1_315' title='bbox 638 2243 646 2256; x_wconf 90' lang='lat'>,</span> <span class='ocrx_word' id='word_1_316' title='bbox 671 2213 839 2247; x_wconf 85' lang='lat' dir='ltr'>contrariis</span> <span class='ocrx_word' id='word_1_317' title='bbox 875 2211 1150 2254; x_wconf 77' lang='lat' dir='ltr'>quibuscumque3</span> 
     </span>
     <span class='ocr_line' id='line_1_51' title="bbox 408 2263 1152 2314; baseline -0.015 -9"><span class='ocrx_word' id='word_1_318' title='bbox 408 2278 460 2304; x_wconf 90' lang='lat' dir='ltr'>aut</span> <span class='ocrx_word' id='word_1_319' title='bbox 485 2272 510 2304; x_wconf 93' lang='lat' dir='ltr'>si</span> <span class='ocrx_word' id='word_1_320' title='bbox 535 2270 703 2314; x_wconf 85' lang='lat' dir='ltr'>aliquibus,</span> <span class='ocrx_word' id='word_1_321' title='bbox 725 2266 936 2301; x_wconf 90' lang='lat' dir='ltr'>communiter</span> <span class='ocrx_word' id='word_1_322' title='bbox 953 2265 999 2297; x_wconf 89' lang='lat' dir='ltr'>vel</span> <span class='ocrx_word' id='word_1_323' title='bbox 1016 2263 1152 2303; x_wconf 84' lang='lat' dir='ltr'>divisim,</span> 
     </span>
     <span class='ocr_line' id='line_1_52' title="bbox 410 2316 1153 2360; baseline -0.015 -2"><span class='ocrx_word' id='word_1_324' title='bbox 410 2325 448 2357; x_wconf 87' lang='lat' dir='ltr'>ab</span> <span class='ocrx_word' id='word_1_325' title='bbox 473 2325 581 2357; x_wconf 85' lang='lat' dir='ltr'>eadem</span> <span class='ocrx_word' id='word_1_326' title='bbox 606 2323 645 2356; x_wconf 90' lang='lat' dir='ltr'>sit</span> <span class='ocrx_word' id='word_1_327' title='bbox 669 2321 748 2355; x_wconf 88' lang='lat' dir='ltr'>Sede</span> <span class='ocrx_word' id='word_1_328' title='bbox 771 2320 930 2353; x_wconf 88' lang='lat' dir='ltr'>indultum</span> <span class='ocrx_word' id='word_1_329' title='bbox 953 2317 1038 2360; x_wconf 83' lang='lat' dir='ltr'>quod</span> <span class='ocrx_word' id='word_1_330' title='bbox 1054 2316 1153 2348; x_wconf 87' lang='lat' dir='ltr'>inter-</span> 
     </span>
     <span class='ocr_line' id='line_1_53' title="bbox 411 2369 1152 2419; baseline -0.013 -9"><span class='ocrx_word' id='word_1_331' title='bbox 411 2377 493 2417; x_wconf 86' lang='lat' dir='ltr'>dici,</span> <span class='ocrx_word' id='word_1_332' title='bbox 518 2375 665 2419; x_wconf 85' lang='lat' dir='ltr'>suspendi</span> <span class='ocrx_word' id='word_1_333' title='bbox 705 2374 752 2407; x_wconf 91' lang='lat' dir='ltr'>vel</span> <span class='ocrx_word' id='word_1_334' title='bbox 789 2369 1056 2406; x_wconf 86' lang='lat' dir='ltr'>excommunicari</span> <span class='ocrx_word' id='word_1_335' title='bbox 1090 2378 1152 2401; x_wconf 91' lang='lat' dir='ltr'>non</span> 
     </span>
     <span class='ocr_line' id='line_1_54' title="bbox 411 2421 1154 2473; baseline -0.011 -11"><span class='ocrx_word' id='word_1_336' title='bbox 411 2430 530 2473; x_wconf 88' lang='lat' dir='ltr'>possint</span> <span class='ocrx_word' id='word_1_337' title='bbox 555 2440 610 2472; x_wconf 89' lang='lat' dir='ltr'>per</span> <span class='ocrx_word' id='word_1_338' title='bbox 644 2429 763 2461; x_wconf 86' lang='lat' dir='ltr'>litteras</span> <span class='ocrx_word' id='word_1_339' title='bbox 798 2424 983 2470; x_wconf 84' lang='lat' dir='ltr'>apostolicas</span> <span class='ocrx_word' id='word_1_340' title='bbox 1021 2432 1085 2455; x_wconf 91' lang='lat' dir='ltr'>non</span> <span class='ocrx_word' id='word_1_341' title='bbox 1110 2421 1154 2455; x_wconf 83' lang='lat' dir='ltr'>sa-</span> 
     </span>
     <span class='ocr_line' id='line_1_55' title="bbox 413 2475 1154 2526; baseline -0.011 -10"><span class='ocrx_word' id='word_1_342' title='bbox 413 2484 529 2516; x_wconf 85' lang='lat' dir='ltr'>cientes</span> <span class='ocrx_word' id='word_1_343' title='bbox 552 2484 678 2526; x_wconf 91' lang='lat' dir='ltr'>plenam</span> <span class='ocrx_word' id='word_1_344' title='bbox 701 2487 733 2515; x_wconf 90' lang='lat' dir='ltr'>et</span> <span class='ocrx_word' id='word_1_345' title='bbox 748 2488 927 2523; x_wconf 88' lang='lat' dir='ltr'>expressam</span> <span class='ocrx_word' id='word_1_346' title='bbox 939 2487 976 2510; x_wconf 88' lang='lat' dir='ltr'>ac</span> <span class='ocrx_word' id='word_1_347' title='bbox 999 2477 1036 2510; x_wconf 90' lang='lat' dir='ltr'>de</span> <span class='ocrx_word' id='word_1_348' title='bbox 1059 2475 1154 2509; x_wconf 91' lang='lat' dir='ltr'>verbo</span> 
     </span>
     <span class='ocr_line' id='line_1_56' title="bbox 414 2530 1152 2569; baseline -0.011 0"><span class='ocrx_word' id='word_1_349' title='bbox 414 2536 453 2569; x_wconf 87' lang='lat' dir='ltr'>ad</span> <span class='ocrx_word' id='word_1_350' title='bbox 477 2536 606 2569; x_wconf 82' lang='lat' dir='ltr'>verbum</span> <span class='ocrx_word' id='word_1_351' title='bbox 631 2535 669 2568; x_wconf 89' lang='lat' dir='ltr'>de</span> <span class='ocrx_word' id='word_1_352' title='bbox 686 2534 808 2567; x_wconf 89' lang='lat' dir='ltr'>indulto</span> <span class='ocrx_word' id='word_1_353' title='bbox 825 2530 1007 2565; x_wconf 86' lang='lat' dir='ltr'>huiusmodi</span> <span class='ocrx_word' id='word_1_354' title='bbox 1020 2530 1152 2563; x_wconf 88' lang='lat' dir='ltr'>mentio-</span> 
     </span>
     <span class='ocr_line' id='line_1_57' title="bbox 415 2583 1155 2631; baseline -0.005 -10"><span class='ocrx_word' id='word_1_355' title='bbox 415 2599 498 2627; x_wconf 87' lang='lat' dir='ltr'>nem,</span> <span class='ocrx_word' id='word_1_356' title='bbox 523 2587 742 2631; x_wconf 85' lang='lat' dir='ltr'>praesentibus</span> <span class='ocrx_word' id='word_1_357' title='bbox 766 2584 928 2629; x_wconf 85' lang='lat' dir='ltr'>perpetuis</span> <span class='ocrx_word' id='word_1_358' title='bbox 940 2583 1055 2618; x_wconf 85' lang='lat' dir='ltr'>suturis</span> <span class='ocrx_word' id='word_1_359' title='bbox 1076 2588 1155 2618; x_wconf 86' lang='lat' dir='ltr'>tem-</span> 
     </span>
     <span class='ocr_line' id='line_1_58' title="bbox 415 2641 739 2685; baseline -0.006 -10"><span class='ocrx_word' id='word_1_360' title='bbox 415 2641 547 2685; x_wconf 76' lang='lat' dir='ltr'>poribus</span> <span class='ocrx_word' id='word_1_361' title='bbox 571 2641 739 2675; x_wconf 85' lang='lat' dir='ltr'>duraturis.</span> 
     </span>
    </p>
   </div>
   <div class='ocr_carea' id='block_1_15' title="bbox 1167 2494 1173 2634">
    <p class='ocr_par' dir='ltr' id='par_1_16' title="bbox 1167 2494 1173 2634">
     <span class='ocr_line' id='line_1_59' title="bbox 1167 2494 1173 2634; baseline 0 594"><span class='ocrx_word' id='word_1_362' title='bbox 1167 2494 1173 2634; x_wconf 95' lang='lat' dir='ltr'> </span> 
     </span>
    </p>
   </div>
   <div class='ocr_carea' id='block_1_16' title="bbox 1171 1408 2022 2674">
    <p class='ocr_par' dir='ltr' id='par_1_17' title="bbox 1171 1408 2007 2200">
     <span class='ocr_line' id='line_1_60' title="bbox 1171 1408 1918 1451; baseline 0 -9"><span class='ocrx_word' id='word_1_363' title='bbox 1171 1421 1305 1451; x_wconf 88' lang='lat' dir='ltr'>cessum,</span> <span class='ocrx_word' id='word_1_364' title='bbox 1330 1409 1443 1442; x_wconf 89' lang='lat' dir='ltr'>deinde</span> <span class='ocrx_word' id='word_1_365' title='bbox 1460 1420 1478 1442; x_wconf 89' lang='lat' dir='ltr'>a</span> <span class='ocrx_word' id='word_1_366' title='bbox 1494 1409 1628 1442; x_wconf 87' lang='lat' dir='ltr'>concilio</span> <span class='ocrx_word' id='word_1_367' title='bbox 1644 1409 1831 1443; x_wconf 85' lang='lat' dir='ltr'>Tridentino</span> <span class='ocrx_word' id='word_1_368' title='bbox 1845 1408 1918 1443; x_wconf 86' lang='lat' dir='ltr'>uni-</span> 
     </span>
     <span class='ocr_line' id='line_1_61' title="bbox 1173 1461 1919 1504; baseline -0.003 -7"><span class='ocrx_word' id='word_1_369' title='bbox 1173 1474 1258 1497; x_wconf 91' lang='lat' dir='ltr'>verse</span> <span class='ocrx_word' id='word_1_370' title='bbox 1283 1464 1441 1497; x_wconf 88' lang='lat' dir='ltr'>sublatum</span> <span class='ocrx_word' id='word_1_371' title='bbox 1458 1490 1467 1504; x_wconf 90' lang='lat'>,</span> <span class='ocrx_word' id='word_1_372' title='bbox 1507 1462 1597 1496; x_wconf 89' lang='lat' dir='ltr'>vobis</span> <span class='ocrx_word' id='word_1_373' title='bbox 1624 1468 1755 1496; x_wconf 85' lang='lat' dir='ltr'>eatenus</span> <span class='ocrx_word' id='word_1_374' title='bbox 1776 1461 1919 1496; x_wconf 81' lang='lat' dir='ltr'>restitui-</span> 
     </span>
     <span class='ocr_line' id='line_1_62' title="bbox 1173 1516 1920 1559; baseline 0 -9"><span class='ocrx_word' id='word_1_375' title='bbox 1173 1529 1254 1558; x_wconf 90' lang='lat' dir='ltr'>mus,</span> <span class='ocrx_word' id='word_1_376' title='bbox 1277 1522 1312 1550; x_wconf 88' lang='lat' dir='ltr'>ut</span> <span class='ocrx_word' id='word_1_377' title='bbox 1332 1517 1416 1549; x_wconf 89' lang='lat' dir='ltr'>inter</span> <span class='ocrx_word' id='word_1_378' title='bbox 1454 1516 1619 1549; x_wconf 90' lang='lat' dir='ltr'>missiones</span> <span class='ocrx_word' id='word_1_379' title='bbox 1633 1543 1641 1557; x_wconf 94' lang='lat'>‚</span> <span class='ocrx_word' id='word_1_380' title='bbox 1681 1526 1762 1559; x_wconf 84' lang='lat' dir='ltr'>quae</span> <span class='ocrx_word' id='word_1_381' title='bbox 1785 1526 1804 1550; x_wconf 85' lang='lat' dir='ltr'>a</span> <span class='ocrx_word' id='word_1_382' title='bbox 1826 1526 1920 1559; x_wconf 86' lang='lat' dir='ltr'>supe-</span> 
     </span>
     <span class='ocr_line' id='line_1_63' title="bbox 1173 1568 1920 1613; baseline -0.004 -9"><span class='ocrx_word' id='word_1_383' title='bbox 1173 1571 1313 1604; x_wconf 89' lang='lat' dir='ltr'>rioribus</span> <span class='ocrx_word' id='word_1_384' title='bbox 1337 1571 1428 1608; x_wconf 82' lang='lat' dir='ltr'>fiunt,</span> <span class='ocrx_word' id='word_1_385' title='bbox 1452 1569 1628 1613; x_wconf 72' lang='lat' dir='ltr'>presbyteri</span> <span class='ocrx_word' id='word_1_386' title='bbox 1651 1568 1772 1610; x_wconf 88' lang='lat' dir='ltr'>vestri,</span> <span class='ocrx_word' id='word_1_387' title='bbox 1795 1573 1920 1602; x_wconf 81' lang='lat' dir='ltr'>servata</span> 
     </span>
     <span class='ocr_line' id='line_1_64' title="bbox 1173 1619 1922 1661; baseline -0.001 -5"><span class='ocrx_word' id='word_1_388' title='bbox 1173 1624 1249 1656; x_wconf 88' lang='lat' dir='ltr'>alias</span> <span class='ocrx_word' id='word_1_389' title='bbox 1272 1623 1372 1655; x_wconf 88' lang='lat' dir='ltr'>forma</span> <span class='ocrx_word' id='word_1_390' title='bbox 1410 1622 1513 1655; x_wconf 86' lang='lat' dir='ltr'>dictae</span> <span class='ocrx_word' id='word_1_391' title='bbox 1543 1620 1757 1655; x_wconf 85' lang='lat' dir='ltr'>concessionis</span> <span class='ocrx_word' id='word_1_392' title='bbox 1773 1646 1782 1661; x_wconf 92' lang='lat'>,</span> <span class='ocrx_word' id='word_1_393' title='bbox 1806 1619 1922 1655; x_wconf 80' lang='lat' dir='ltr'>missae</span> 
     </span>
     <span class='ocr_line' id='line_1_65' title="bbox 1174 1674 1922 1716; baseline -0.007 -6"><span class='ocrx_word' id='word_1_394' title='bbox 1174 1677 1365 1711; x_wconf 85' lang='lat' dir='ltr'>sacrificium</span> <span class='ocrx_word' id='word_1_395' title='bbox 1389 1676 1473 1709; x_wconf 89' lang='lat' dir='ltr'>licite</span> <span class='ocrx_word' id='word_1_396' title='bbox 1496 1676 1619 1708; x_wconf 84' lang='lat' dir='ltr'>valeant</span> <span class='ocrx_word' id='word_1_397' title='bbox 1642 1674 1803 1707; x_wconf 86' lang='lat' dir='ltr'>celebrare</span> <span class='ocrx_word' id='word_1_398' title='bbox 1826 1683 1922 1716; x_wconf 78' lang='lat' dir='ltr'>super</span> 
     </span>
     <span class='ocr_line' id='line_1_66' title="bbox 1175 1726 1995 1772; baseline -0.007 -9"><span class='ocrx_word' id='word_1_399' title='bbox 1175 1730 1357 1763; x_wconf 90' lang='lat' dir='ltr'>huiusmodi</span> <span class='ocrx_word' id='word_1_400' title='bbox 1381 1730 1479 1762; x_wconf 88' lang='lat' dir='ltr'>altare</span> <span class='ocrx_word' id='word_1_401' title='bbox 1502 1728 1622 1772; x_wconf 89' lang='lat' dir='ltr'>ubique</span> <span class='ocrx_word' id='word_1_402' title='bbox 1646 1726 1802 1770; x_wconf 86' lang='lat' dir='ltr'>gentium,</span> <span class='ocrx_word' id='word_1_403' title='bbox 1826 1726 1923 1760; x_wconf 81' lang='lat' dir='ltr'>etiam</span> <span class='ocrx_word' id='word_1_404' title='bbox 1992 1761 1995 1765; x_wconf 56' lang='grc'>,</span> 
     </span>
     <span class='ocr_line' id='line_1_67' title="bbox 1175 1779 1924 1823; baseline -0.007 -5"><span class='ocrx_word' id='word_1_405' title='bbox 1175 1785 1208 1817; x_wconf 93' lang='lat' dir='ltr'>in</span> <span class='ocrx_word' id='word_1_406' title='bbox 1231 1784 1342 1818; x_wconf 83' lang='lat' dir='ltr'>castris</span> <span class='ocrx_word' id='word_1_407' title='bbox 1367 1783 1514 1823; x_wconf 88' lang='lat' dir='ltr'>militum,</span> <span class='ocrx_word' id='word_1_408' title='bbox 1540 1781 1635 1814; x_wconf 90' lang='lat' dir='ltr'>modo</span> <span class='ocrx_word' id='word_1_409' title='bbox 1660 1781 1739 1821; x_wconf 84' lang='lat' dir='ltr'>loca,</span> <span class='ocrx_word' id='word_1_410' title='bbox 1763 1779 1820 1813; x_wconf 87' lang='lat' dir='ltr'>etsi</span> <span class='ocrx_word' id='word_1_411' title='bbox 1838 1789 1924 1813; x_wconf 82' lang='lat' dir='ltr'>com·</span> 
     </span>
     <span class='ocr_line' id='line_1_68' title="bbox 1175 1830 1924 1879; baseline -0.011 -8"><span class='ocrx_word' id='word_1_412' title='bbox 1175 1838 1284 1871; x_wconf 86' lang='lat' dir='ltr'>munia</span> <span class='ocrx_word' id='word_1_413' title='bbox 1309 1841 1339 1870; x_wconf 90' lang='lat' dir='ltr'>et</span> <span class='ocrx_word' id='word_1_414' title='bbox 1362 1836 1504 1879; x_wconf 82' lang='lat' dir='ltr'>profana,</span> <span class='ocrx_word' id='word_1_415' title='bbox 1528 1839 1596 1867; x_wconf 86' lang='lat' dir='ltr'>tuta</span> <span class='ocrx_word' id='word_1_416' title='bbox 1612 1838 1642 1867; x_wconf 87' lang='lat' dir='ltr'>et</span> <span class='ocrx_word' id='word_1_417' title='bbox 1656 1833 1789 1866; x_wconf 86' lang='lat' dir='ltr'>honesta</span> <span class='ocrx_word' id='word_1_418' title='bbox 1805 1830 1924 1873; x_wconf 83' lang='lat' dir='ltr'>sint,et</span> 
     </span>
     <span class='ocr_line' id='line_1_69' title="bbox 1177 1885 1924 1935; baseline -0.008 -11"><span class='ocrx_word' id='word_1_419' title='bbox 1177 1890 1332 1935; x_wconf 84' lang='lat' dir='ltr'>generalis</span> <span class='ocrx_word' id='word_1_420' title='bbox 1355 1894 1409 1923; x_wconf 89' lang='lat' dir='ltr'>aut</span> <span class='ocrx_word' id='word_1_421' title='bbox 1434 1899 1490 1932; x_wconf 90' lang='lat' dir='ltr'>per</span> <span class='ocrx_word' id='word_1_422' title='bbox 1513 1897 1586 1920; x_wconf 90' lang='lat' dir='ltr'>eum</span> <span class='ocrx_word' id='word_1_423' title='bbox 1603 1885 1814 1930; x_wconf 87' lang='lat' dir='ltr'>provinciales</span> <span class='ocrx_word' id='word_1_424' title='bbox 1829 1894 1924 1928; x_wconf 73' lang='lat' dir='ltr'>prae-</span> 
     </span>
     <span class='ocr_line' id='line_1_70' title="bbox 1177 1937 1923 1989; baseline -0.012 -10"><span class='ocrx_word' id='word_1_425' title='bbox 1177 1945 1270 1989; x_wconf 89' lang='lat' dir='ltr'>positi</span> <span class='ocrx_word' id='word_1_426' title='bbox 1294 1954 1331 1978; x_wconf 88' lang='lat' dir='ltr'>eo</span> <span class='ocrx_word' id='word_1_427' title='bbox 1354 1949 1423 1976; x_wconf 91' lang='lat' dir='ltr'>tum</span> <span class='ocrx_word' id='word_1_428' title='bbox 1446 1941 1600 1974; x_wconf 86' lang='lat' dir='ltr'>utendum</span> <span class='ocrx_word' id='word_1_429' title='bbox 1616 1939 1682 1972; x_wconf 77' lang='lat' dir='ltr'>fore</span> <span class='ocrx_word' id='word_1_430' title='bbox 1699 1937 1923 1971; x_wconf 80' lang='lat' dir='ltr'>iudicaverint.</span> 
     </span>
     <span class='ocr_line' id='line_1_71' title="bbox 1178 1988 1922 2041; baseline -0.012 -10"><span class='ocrx_word' id='word_1_431' title='bbox 1178 1999 1350 2041; x_wconf 83' lang='lat' dir='ltr'>Itidemque</span> <span class='ocrx_word' id='word_1_432' title='bbox 1389 1996 1511 2039; x_wconf 88' lang='lat' dir='ltr'>possint</span> <span class='ocrx_word' id='word_1_433' title='bbox 1552 1994 1596 2026; x_wconf 88' lang='lat' dir='ltr'>ibi</span> <span class='ocrx_word' id='word_1_434' title='bbox 1646 1990 1821 2036; x_wconf 80' lang='lat' dir='ltr'>presbyteri</span> <span class='ocrx_word' id='word_1_435' title='bbox 1861 1988 1922 2034; x_wconf 80' lang='lat' dir='ltr'>ipsi</span> 
     </span>
     <span class='ocr_line' id='line_1_72' title="bbox 1179 2045 1924 2087; baseline -0.015 0"><span class='ocrx_word' id='word_1_436' title='bbox 1179 2052 1411 2087; x_wconf 84' lang='lat' dir='ltr'>sanctissimum</span> <span class='ocrx_word' id='word_1_437' title='bbox 1434 2046 1651 2083; x_wconf 85' lang='lat' dir='ltr'>Eucharistiae</span> <span class='ocrx_word' id='word_1_438' title='bbox 1682 2045 1924 2078; x_wconf 83' lang='lat' dir='ltr'>Sacramentum</span> 
     </span>
     <span class='ocr_line' id='line_1_73' title="bbox 1180 2096 1922 2140; baseline -0.013 0"><span class='ocrx_word' id='word_1_439' title='bbox 1180 2106 1359 2140; x_wconf 87' lang='lat' dir='ltr'>ministrare</span> <span class='ocrx_word' id='word_1_440' title='bbox 1398 2101 1543 2136; x_wconf 81' lang='lat' dir='ltr'>fidelibus</span> <span class='ocrx_word' id='word_1_441' title='bbox 1566 2100 1613 2138; x_wconf 61' lang='lat' dir='ltr'>ad,</span> <span class='ocrx_word' id='word_1_442' title='bbox 1630 2098 1708 2132; x_wconf 89' lang='lat' dir='ltr'>illud</span> <span class='ocrx_word' id='word_1_443' title='bbox 1730 2096 1922 2131; x_wconf 77' lang='lat' dir='ltr'>sumendum</span> 
     </span>
     <span class='ocr_line' id='line_1_74' title="bbox 1180 2154 1513 2200; baseline -0.015 -9"><span class='ocrx_word' id='word_1_444' title='bbox 1180 2158 1283 2191; x_wconf 78' lang='lat' dir='ltr'>debite</span> <span class='ocrx_word' id='word_1_445' title='bbox 1307 2154 1513 2200; x_wconf 87' lang='lat' dir='ltr'>praeparatis.</span> 
     </span>
    </p>

    <p class='ocr_par' dir='ltr' id='par_1_18' title="bbox 1181 2203 2022 2618">
     <span class='ocr_line' id='line_1_75' title="bbox 1224 2203 2022 2257; baseline -0.009 -14"><span class='ocrx_word' id='word_1_446' title='bbox 1224 2210 1293 2254; x_wconf 62' lang='lat'>{9⁴-</span> <span class='ocrx_word' id='word_1_447' title='bbox 1325 2210 1393 2243; x_wconf 91' lang='lat' dir='ltr'>Non</span> <span class='ocrx_word' id='word_1_448' title='bbox 1427 2206 1628 2241; x_wconf 85' lang='lat' dir='ltr'>obstantibus</span> <span class='ocrx_word' id='word_1_449' title='bbox 1666 2203 1850 2249; x_wconf 79' lang='lat' dir='ltr'>praemissis</span> <span class='ocrx_word' id='word_1_450' title='bbox 1889 2213 1958 2257; x_wconf 61' lang='lat' dir='ltr'>aed</span> <span class='ocrx_word' id='word_1_451' title='bbox 1980 2211 2022 2251; x_wconf 48' lang='lat'>312·</span> 
     </span>
     <span class='ocr_line' id='line_1_76' title="bbox 1181 2258 1925 2301; baseline -0.009 -4"><span class='ocrx_word' id='word_1_452' title='bbox 1181 2262 1458 2298; x_wconf 82' lang='lat' dir='ltr'>constitutionibus</span> <span class='ocrx_word' id='word_1_453' title='bbox 1474 2265 1505 2293; x_wconf 89' lang='lat' dir='ltr'>et</span> <span class='ocrx_word' id='word_1_454' title='bbox 1520 2258 1777 2293; x_wconf 83' lang='lat' dir='ltr'>ordinationibus</span> <span class='ocrx_word' id='word_1_455' title='bbox 1801 2261 1925 2301; x_wconf 76' lang='lat' dir='ltr'>aposto-</span> 
     </span>
     <span class='ocr_line' id='line_1_77' title="bbox 1181 2311 1923 2358; baseline -0.012 -6"><span class='ocrx_word' id='word_1_456' title='bbox 1181 2318 1248 2352; x_wconf 81' lang='lat' dir='ltr'>licis</span> <span class='ocrx_word' id='word_1_457' title='bbox 1272 2316 1447 2358; x_wconf 87' lang='lat' dir='ltr'>ceterisque</span> <span class='ocrx_word' id='word_1_458' title='bbox 1471 2312 1641 2347; x_wconf 90' lang='lat' dir='ltr'>contrariis</span> <span class='ocrx_word' id='word_1_459' title='bbox 1659 2311 1923 2356; x_wconf 74' lang='lat' dir='ltr'>quibuscumque,</span> 
     </span>
     <span class='ocr_line' id='line_1_78' title="bbox 1184 2363 1924 2413; baseline -0.015 -7"><span class='ocrx_word' id='word_1_460' title='bbox 1184 2372 1299 2405; x_wconf 78' lang='lat' dir='ltr'>Eadem</span> <span class='ocrx_word' id='word_1_461' title='bbox 1321 2378 1416 2413; x_wconf 86' lang='lat' dir='ltr'>porro</span> <span class='ocrx_word' id='word_1_462' title='bbox 1440 2367 1518 2400; x_wconf 87' lang='lat' dir='ltr'>fides</span> <span class='ocrx_word' id='word_1_463' title='bbox 1556 2364 1675 2408; x_wconf 87' lang='lat' dir='ltr'>ubique</span> <span class='ocrx_word' id='word_1_464' title='bbox 1709 2363 1802 2397; x_wconf 85' lang='lat' dir='ltr'>detur</span> <span class='ocrx_word' id='word_1_465' title='bbox 1832 2371 1924 2405; x_wconf 83' lang='lat' dir='ltr'>prae·</span> 
     </span>
     <span class='ocr_line' id='line_1_79' title="bbox 1183 2415 1927 2465; baseline -0.011 -7"><span class='ocrx_word' id='word_1_466' title='bbox 1183 2424 1319 2458; x_wconf 84' lang='lat' dir='ltr'>sentium</span> <span class='ocrx_word' id='word_1_467' title='bbox 1343 2420 1510 2465; x_wconf 75' lang='lat' dir='ltr'>exemptis,</span> <span class='ocrx_word' id='word_1_468' title='bbox 1533 2429 1571 2453; x_wconf 86' lang='lat' dir='ltr'>eo</span> <span class='ocrx_word' id='word_1_469' title='bbox 1594 2428 1658 2461; x_wconf 90' lang='lat' dir='ltr'>quo</span> <span class='ocrx_word' id='word_1_470' title='bbox 1681 2417 1780 2451; x_wconf 87' lang='lat' dir='ltr'>solent</span> <span class='ocrx_word' id='word_1_471' title='bbox 1805 2416 1867 2449; x_wconf 85' lang='lat' dir='ltr'>alia</span> <span class='ocrx_word' id='word_1_472' title='bbox 1890 2415 1927 2450; x_wconf 84' lang='lat' dir='ltr'>in</span> 
     </span>
     <span class='ocr_line' id='line_1_80' title="bbox 1183 2469 1927 2515; baseline -0.012 -5"><span class='ocrx_word' id='word_1_473' title='bbox 1183 2481 1287 2510; x_wconf 82' lang='lat' dir='ltr'>vestra</span> <span class='ocrx_word' id='word_1_474' title='bbox 1310 2474 1463 2508; x_wconf 83' lang='lat' dir='ltr'>Societate</span> <span class='ocrx_word' id='word_1_475' title='bbox 1486 2477 1686 2515; x_wconf 88' lang='lat' dir='ltr'>transumpta</span> <span class='ocrx_word' id='word_1_476' title='bbox 1709 2470 1803 2503; x_wconf 88' lang='lat' dir='ltr'>modo</span> <span class='ocrx_word' id='word_1_477' title='bbox 1820 2469 1927 2503; x_wconf 86' lang='lat' dir='ltr'>muni-</span> 
     </span>
     <span class='ocr_line' id='line_1_81' title="bbox 1184 2521 1926 2573; baseline -0.013 -9"><span class='ocrx_word' id='word_1_478' title='bbox 1184 2531 1233 2571; x_wconf 87' lang='lat' dir='ltr'>tis,</span> <span class='ocrx_word' id='word_1_479' title='bbox 1258 2539 1340 2573; x_wconf 84' lang='lat' dir='ltr'>quae</span> <span class='ocrx_word' id='word_1_480' title='bbox 1362 2528 1491 2562; x_wconf 84' lang='lat' dir='ltr'>daretur</span> <span class='ocrx_word' id='word_1_481' title='bbox 1529 2525 1605 2569; x_wconf 91' lang='lat' dir='ltr'>ipsis</span> <span class='ocrx_word' id='word_1_482' title='bbox 1629 2522 1847 2568; x_wconf 83' lang='lat' dir='ltr'>praesentibus</span> <span class='ocrx_word' id='word_1_483' title='bbox 1863 2548 1872 2563; x_wconf 91' lang='lat'><strong><em>‚</em></strong></span> <span class='ocrx_word' id='word_1_484' title='bbox 1899 2521 1926 2556; x_wconf 85' lang='lat' dir='ltr'>si</span> 
     </span>
     <span class='ocr_line' id='line_1_82' title="bbox 1184 2578 1754 2618; baseline -0.016 -1"><span class='ocrx_word' id='word_1_485' title='bbox 1184 2583 1410 2618; x_wconf 89' lang='lat' dir='ltr'>exhiberentur</span> <span class='ocrx_word' id='word_1_486' title='bbox 1432 2580 1480 2613; x_wconf 92' lang='lat' dir='ltr'>vel</span> <span class='ocrx_word' id='word_1_487' title='bbox 1503 2578 1754 2612; x_wconf 85' lang='lat' dir='ltr'>ostenderentur.</span> 
     </span>
    </p>

    <p class='ocr_par' dir='ltr' id='par_1_19' title="bbox 1228 2628 1924 2674">
     <span class='ocr_line' id='line_1_83' title="bbox 1228 2628 1924 2674; baseline -0.013 -5"><span class='ocrx_word' id='word_1_488' title='bbox 1228 2637 1340 2669; x_wconf 90' lang='lat' dir='ltr'>Datum</span> <span class='ocrx_word' id='word_1_489' title='bbox 1365 2634 1483 2667; x_wconf 84' lang='lat' dir='ltr'>Romae</span> <span class='ocrx_word' id='word_1_490' title='bbox 1505 2630 1589 2674; x_wconf 83' lang='lat' dir='ltr'>apud</span> <span class='ocrx_word' id='word_1_491' title='bbox 1613 2629 1762 2663; x_wconf 88' lang='lat' dir='ltr'>Sanctum</span> <span class='ocrx_word' id='word_1_492' title='bbox 1786 2628 1924 2668; x_wconf 88' lang='lat' dir='ltr'>Petrum,</span> 
     </span>
    </p>
   </div>
   <div class='ocr_carea' id='block_1_17' title="bbox 1919 0 2059 3228">
    <p class='ocr_par' dir='ltr' id='par_1_20' title="bbox 1919 0 2059 3228">
     <span class='ocr_line' id='line_1_84' title="bbox 1919 0 2059 3228; baseline 0 0"><span class='ocrx_word' id='word_1_493' title='bbox 1919 0 2059 3228; x_wconf 95' lang='lat' dir='ltr'> </span> 
     </span>
    </p>
   </div>
  </div>
 </body>
</html>
