2059 3228
330 196 394 230 eat

328 263 342 302 3'
364 259 393 290 13.
408 259 441 291 Et
458 257 712 300 piaememoriae
732 257 879 290 Callistus
893 258 944 299 Ill,
964 257 1031 291 Six-

99 319 140 340 Aia
156 319 268 341 voum-,ces
284 317 333 343 tus
362 311 406 349 IV,
439 310 644 343 lnnocentius
676 310 752 350 vlit,
787 311 966 344 Alexander
993 310 1030 343 vt

86 351 267 407 {ssst‘nco'ss‘fi‘ss'ssss
283 370 311 396 et
332 365 429 397 lutivis
451 365 484 403 lt,
508 364 601 396 etiam
616 364 750 396 Romani
761 364 1030 408 Pontificesprae-

86 416 141 433 '¹¹¹¹‘
282 418 464 450 ‹is-cesszu-es
491 418 604 457 nostri,
633 417 757 450 indulta
787 418 952 461 praedicta
971 428 1028 461 ap-

279 470 456 514 probat-nni
495 476 526 502 et
553 471 765 503 innovarunt:
797 481 834 504 ac
862 476 1030 515 praeterea

281 524 385 556 dictus
404 513 620 562 Callistus-fut
638 534 695 567 per
709 524 824 564 nullas,
838 524 935 557 etiam
955 534 1031 568 apo-

280 577 417 615 stolicas,
439 576 571 617 litteras,
587 577 617 609 in
637 577 756 620 quibus
776 577 814 610 de
830 577 955 611 indulto
968 577 1031 610 hoc

279 629 428 672 specialis
456 635 487 663 et
513 641 662 673 expressa
692 630 813 664 mentio
838 641 903 664 non
924 630 1028 671 fieret,

279 683 467 725 derogatum
498 684 526 716 ei
554 689 635 717 esset
669 689 724 717 aut
756 690 944 718 censeretur
977 684 1032 717 de-

279 736 393 769 crevit:
417 747 453 769 ac
476 738 681 780 postmodum
698 738 890 771 recolendae
904 748 1029 771 memo-

279 790 345 822 riae
371 790 432 823 Leo
455 790 537 834 Papa
559 791 595 830 X,
618 791 860 824 communitatis
872 796 903 824 et
913 791 1030 824 civium

279 844 532 886 praedictorum,
543 845 754 878 asserentium
768 845 944 878 nonnullos
951 855 1029 878 con-

280 903 457 929 servatores
477 903 505 929 et
527 898 689 939 delegatos
713 898 857 942 aliasque
876 907 1031 942 personas

280 956 390 982 contra
405 950 564 983 indultum
578 951 765 984 huiusmodi
776 956 1031 995 attentareprae-

279 1003 466 1046 sumpsisse,
488 1004 781 1048 supplicationibus
798 1004 985 1045 inclinatus,
998 1015 1031 1037 0-

281 1067 370 1089 mnes
390 1062 420 1089 et
440 1057 582 1098 singulas
602 1068 700 1101 super
720 1057 904 1101 praemissis
925 1057 1032 1091 consc-

280 1115 356 1149 ctas,
378 1110 565 1152 praesertim
586 1117 769 1154 compertas
794 1110 902 1144 Sancti
931 1110 1031 1145 Geor-

279 1163 323 1205 gii
349 1169 594 1204 concernentes,
626 1163 759 1205 litteras,
782 1175 842 1208 per
871 1175 945 1198 suas
972 1164 1031 1198 sub

280 1217 414 1260 plumbo
435 1217 596 1250 consectas
615 1217 737 1250 litteras
751 1245 758 1259 ‚
783 1217 974 1262 approbavit
1001 1223 1032 1251 et

281 1270 507 1309 confirmavit3
542 1281 578 1303 ac
618 1271 748 1304 demum
781 1271 899 1305 Paulus
932 1271 971 1305 111
1001 1277 1033 1305 et

280 1323 397 1356 Paulus
427 1323 463 1355 IV
488 1334 524 1356 ac
550 1324 622 1357 Pius
643 1324 679 1357 IV
699 1330 730 1357 et
750 1325 923 1368 Gregorius
951 1325 1029 1367 xm,

282 1377 545 1419 praedecessores
558 1378 669 1417 nostri,
681 1378 824 1421 singulas
835 1379 1028 1423 praedictas,

280 1440 338 1472 per
358 1431 434 1462 alias
456 1441 529 1463 suas
559 1431 590 1463 in
618 1431 720 1464 forma
745 1432 863 1473 brevis,
883 1443 921 1466 ex
944 1438 1032 1466 certa

281 1483 424 1523 scientia,
453 1484 687 1517 confirmarunt
703 1491 732 1518 et
746 1486 979 1529 approbarunt,
995 1496 1032 1519 ac

283 1542 457 1580 perpetuae
487 1537 649 1570 firmitatis
679 1539 779 1571 robur
803 1538 971 1581 obtinere,
1002 1544 1034 1573 et

282 1593 321 1624 ab
350 1591 500 1624 omnibus
534 1590 761 1625 inviolabiliter
788 1593 950 1626 observari
976 1594 1032 1627 de-

281 1645 357 1678 bere
386 1651 579 1685 statuerunt,
612 1645 732 1690 illaque
762 1647 869 1680 denuo
894 1647 1033 1691 gratiose

283 1705 525 1739 concesserunt,
564 1705 661 1742 prout
692 1700 723 1732 in
755 1700 888 1743 singulis
919 1701 1034 1735 litteris

283 1752 572 1796 praedecessorum
593 1753 781 1787 huiusmodi
805 1755 935 1799 plenius
954 1754 1035 1789 dici-

283 1811 337 1838 tur
352 1806 523 1839 contineri.

328 1860 343 1902 g
366 1859 397 1892 3.
425 1859 499 1899 Nos,
535 1859 826 1903 supplicationibus
854 1866 960 1896 vestro
977 1873 1033 1896 no-

100 1920 271 1947 connrmaiquo-
285 1912 370 1946 mine
390 1923 488 1957 super
507 1913 556 1946 his
582 1924 640 1957 per
659 1914 787 1947 eosdem
807 1921 951 1949 oratores
975 1917 1037 1949 liu-

88 1957 128 1978 ω
144 1956 221 1971 ³¹¹¹“⁵'
286 1965 405 1998 militer
425 1966 582 2009 porrectis
601 1966 759 2007 inclinati,
780 1978 900 2012 vosque
912 1975 1036 2003 etrem-

286 2018 450 2062 publicam
479 2024 615 2052 vestram
641 2020 729 2053 omni
751 2022 853 2063 gratia
873 2028 904 2055 et
928 2023 1036 2056 favore

287 2072 437 2116 amplecti
457 2073 612 2112 volentes,
631 2073 772 2116 singulas
796 2074 918 2109 litteras
942 2086 1036 2120 prae-

287 2125 493 2158 decessorum
514 2126 713 2168 huiusmodi,
734 2138 873 2171 quarum
896 2130 1038 2163 veriores

286 2184 415 2212 tenores
449 2179 672 2222 praesentibus
709 2191 768 2225 pro
799 2183 957 2226 expressis
980 2183 1038 2216 ha-

289 2232 438 2271 beantur,
462 2243 534 2265 eum
557 2233 708 2267 omnibus
728 2240 759 2268 et
779 2235 915 2277 singulis
934 2235 968 2269 in
993 2236 1038 2269 eis

291 2286 450 2319 contentis
474 2286 616 2328 indultis,
637 2289 912 2330 concessionibus,
931 2289 1041 2323 decre-

291 2338 332 2370 tis
360 2344 390 2371 et
420 2341 592 2380 clausulis,
625 2342 814 2375 auctoritate
851 2343 1037 2387 apostolica,

292 2391 404 2420 tenore
424 2390 655 2431 praesentium,
671 2402 706 2423 ex
720 2396 806 2424 certa
827 2392 971 2432 scientia,
983 2403 1040 2435 ap-

294 2436 469 2479 probamus
490 2443 518 2470 et
548 2438 745 2479 innovamus,
768 2451 805 2473 ac
822 2441 916 2484 plena
936 2447 967 2474 et
991 2441 1040 2474 in—

87 188 141 233 An'.
157 204 186 233 c.
205 185 271 234 isses

295 2494 449 2518 mmmm-53
466 2487 590 2520 roboris
614 2488 763 2522 firmitate
783 2489 966 2531 subsisffere,
987 2500 1042 2523 vo·
1060 2497 1064 2529 Ξ
1083 2471 1126 2511 lii,
1139 2473 1272 2505 salutem
1290 2479 1319 2506 et
1333 2473 1542 2516 apostolicam
1558 2473 1833 2508 henedicti0nem.=

294 2533 407 2575 bisque
436 2534 467 2567 in
493 2537 643 2570 omnibus
663 2543 693 2571 et
717 2549 775 2582 per
799 2539 920 2578 omnia,
946 2539 1041 2573 etiam

296 2582 404 2625 quoad
429 2582 489 2617 hoc
516 2590 550 2618 ut
577 2592 765 2621 executores
784 2586 817 2620 in
842 2587 963 2622 eisdem
995 2585 1068 2635 lit-1
1121 2600 1130 2624 1
1150 2597 1190 2625 Ex
1209 2598 1322 2633 Regest.
1338 2598 1368 2627 in
1381 2598 1488 2628 secret.
1504 2598 1646 2629 Brevtum.

881 204 1060 231 autunum
1079 205 1230 229 notitANttM

1071 263 1146 290 teris
1167 258 1310 301 deputati
1326 258 1366 290 ad
1384 269 1494 291 earum
1513 260 1731 294 executionem
1750 259 1816 292 iux-

1071 315 1101 343 ta
1126 310 1254 343 illarum
1277 310 1507 343 continentiam
1527 318 1558 344 et
1573 317 1717 346 tenorem
1739 323 1816 357 pro-

1071 363 1185 396 cedere
1205 363 1328 407 possint
1351 369 1382 397 et
1405 363 1554 404 debeant,
1581 365 1760 408 suffragari,
1786 370 1818 399 et

1071 417 1109 449 ab
1121 416 1271 450 omnibus
1284 416 1510 450 inviolabiliter
1530 417 1690 451 observari
1707 419 1818 452 decer-

1071 470 1191 511 nimus,
1212 475 1309 514 atque
1321 481 1358 504 ea
1368 469 1477 504 omnia
1497 471 1586 504 vobis
1596 471 1635 505 de
1646 481 1727 506 novo
1747 483 1816 516 gra-

1072 523 1149 556 tiose
1174 523 1394 557 concedimus.

1115 577 1129 620 g
1153 575 1185 609 4.
1211 576 1282 610 Non
1311 577 1513 610 obstantibus
1538 577 1703 621 quibusvis
1739 589 1818 622 apo-

1071 629 1201 671 stolicis,
1230 640 1268 663 ac
1292 630 1325 664 in
1349 630 1603 675 provincialibus
1627 637 1658 664 et
1681 631 1818 676 synoda-

1071 684 1155 716 libus
1175 683 1321 717 conciliis
1345 684 1451 725 editis,
1477 684 1671 728 specialibus
1688 686 1737 718 vel
1762 696 1816 729 ge-

1071 737 1245 778 neralibus,
1261 738 1543 771 constitutionibus
1562 744 1594 771 et
1612 738 1821 773 ordinationi-

1070 791 1143 832 bus,
1174 801 1303 825 necnon
1332 792 1483 825 omnibus
1515 792 1600 832 illis,
1630 803 1714 837 quae
1742 793 1820 826 dicti

1072 843 1336 887 praedecessores
1363 844 1465 878 nostri
1489 844 1522 878 in
1542 844 1609 879 suis
1627 845 1743 879 litteris
1767 855 1818 879 vo-

1072 898 1203 930 luerunt
1232 908 1298 931 non
1325 898 1462 939 obstare,
1490 898 1671 943 ceterisque
1694 903 1821 933 contra-

1071 950 1126 983 riis
1142 951 1414 996 quibuscumque.

1114 1004 1229 1037 Datum
1240 1004 1361 1039 Rornae
1380 1005 1467 1050 apud
1486 1004 1518 1039 S.
1539 1005 1685 1046 Petrum,
1697 1005 1756 1039 sub
1767 1016 1820 1040 an-

1071 1058 1149 1091 nulo
1160 1057 1341 1099 Piscatoris‚
1352 1059 1403 1092 die
1418 1069 1449 1093 vt
1465 1059 1646 1093 decembris
1660 1068 1818 1101 mcxxxv,

1071 1111 1278 1155 pontificatus
1297 1112 1398 1146 nostri
1418 1123 1502 1146 anno
1526 1122 1548 1146 1.

1091 1169 1155 1209 Dat.
1174 1169 1223 1209 die
1243 1170 1262 1201 6
1277 1170 1428 1202 decembr.
1441 1171 1538 1209 1585,
1559 1170 1802 1212 pontif.2ann01.

1402 1301 1495 1336 XXII.

1074 1387 1258 1432 Confirmat
1285 1390 1413 1424 litteras
1431 1391 1708 1434 praedecessorum
1733 1392 1823 1426 Pon-

1118 1444 1255 1487 tificum,
1283 1455 1321 1478 ac
1345 1445 1517 1488 praecipue
1545 1444 1693 1488 Greyorii
1718 1445 1819 1487 XIII,

1116 1498 1230 1542 quibus
1249 1498 1292 1531 ad
1306 1498 1539 1540 refraenandos
1561 1498 1705 1532 scelestos
1720 1499 1824 1533 homi-

1117 1561 1185 1591 nes,
1202 1555 1269 1585 tam
1285 1552 1383 1585 laicos
1394 1562 1492 1596 quam
1509 1551 1745 1593 ecclesiasticos,
1757 1552 1824 1586 lae-

1116 1614 1171 1637 sae
1203 1605 1384 1638 maiestatis
1407 1605 1557 1638 criminis
1575 1615 1655 1647 reos,
1678 1606 1825 1639 ecclesia·
1861 1613 1863 1615 '

1117 1660 1216 1692 sticae
1230 1658 1452 1692 immunitatis
1468 1659 1504 1691 in
1517 1659 1649 1693 civitate
1662 1658 1826 1699 Ganuensi

1117 1712 1289 1756 restrinyit
1303 1712 1423 1746 limites
1445 1711 1472 1746 1.

1218 1804 1332 1834 Dilectis
1350 1805 1416 1835 filiis
1437 1806 1522 1835 nobili
1539 1801 1599 1836 vii-'o
1616 1807 1679 1837 duci

1137 1861 1168 1889 ot
1189 1859 1418 1896 gubernatoribus
1437 1860 1603 1896 reipublicae
1621 1855 1766 1892 aunuente*

1327 1914 1423 1943 Sixtus
1441 1915 1514 1950 Papa
1532 1914 1562 1944 V.

1263 1967 1362 1997 Dilecti
1376 1967 1426 1997 mii
1443 1968 1546 1998 nobiles
1563 1968 1627 2004 viri,

1149 2021 1267 2051 salutem
1285 2023 1314 2052 et
1332 2022 1512 2059 apostolicam
1530 2023 1753 2053 benedictionem.

1122 2107 1178 2150 gl.
1194 2107 1279 2140 Alias
1290 2118 1307 2140 a
1318 2107 1420 2141 seticis
1431 2108 1663 2142 recordationis
1673 2096 1834 2152 Gregorio
1863 2114 1958 2151 kim-u
1979 2105 1984 2110 ’

1078 2159 1164 2203 Papa
1182 2160 1265 2201 Xlll,
1294 2161 1539 2205 praedecessore
1559 2167 1680 2203 nostro,
1699 2171 1824 2197 emana-
1839 2144 1945 2201 Lfflixm

1079 2219 1155 2247 runt
1173 2213 1300 2247 litterae
1319 2215 1441 2248 tenoris
1460 2215 1699 2260 subsequentis,
1715 2214 1826 2250 videli-

1080 2276 1142 2311 cet,
1169 2282 1187 2304 a
1211 2276 1314 2315 tergo,

1124 2325 1140 2368 g
1163 2325 1194 2358 2.
1222 2325 1351 2359 Dilectis
1374 2325 1450 2359 filiis
1481 2326 1582 2360 nobili
1610 2325 1678 2360 viro
1702 2326 1778 2361 duci
1790 2326 1826 2361 ‘et
1864 2334 1948 2358 tenori
1984 2358 1991 2363 ,

1081 2374 1351 2416 gubernatoribus
1362 2375 1561 2420 reipublicae
1574 2376 1768 2417 Genuensis·,
1781 2375 1829 2410 ia·
1839 2373 1898 2421 ffi
1923 2365 1940 2388 ⁶

1082 2419 1133 2455 tus
1147 2433 1234 2463 vero,
1256 2422 1429 2466 Gregorius
1454 2423 1538 2468 Papa
1557 2425 1634 2458 xm.
1659 2425 1771 2458 Dilecti
1791 2424 1830 2458 fi-

1969 2258 2014 2273 0⁴·

1095 2521 1219 2554 {omani
1242 2522 1426 2564 Pontifices,
1447 2523 1587 2558 iustitiae
1618 2529 1766 2558 auctores
1797 2527 1830 2558 et
