2059 3228
162 257 213 282 An.
229 258 254 284 C.
271 257 336 285 1578

139 1995 270 2017 Exordium.

140 2508 200 2529 Facti
215 2509 293 2529 serien.

409 252 475 289 0248

366 316 498 350 scientia
528 320 558 349 et
582 318 739 359 potestate
757 313 956 358 praemissis,
977 315 1109 356 deroga-

365 381 437 402 mus
456 368 640 412 specialiter
659 373 690 400 et
709 377 868 411 expresse,
883 367 974 400 autsi
991 367 1107 410 aliqui-

363 421 435 462 bus,
445 421 718 454 communitervel
730 420 865 461 divisim,
878 421 918 454 ab
927 420 1107 465 Apostolica

362 475 402 507 sit
413 474 493 508 Sede
505 474 667 507 indultum
682 474 768 518 quod
781 474 943 515 interdici,
955 473 1107 517 suspendi

361 527 692 560 velexcommunieari
703 538 768 560 non
778 527 901 571 possint
913 538 971 571 per
982 527 1106 559 litteras

361 579 553 623 apostolicas
578 590 643 614 non
663 580 816 614 facientes
843 581 973 624 plenam
999 584 1029 612 et
1054 590 1105 611 ex-

359 642 503 676 pressam
519 644 556 666 ac
567 634 606 667 de
616 634 714 667 verbo
727 634 767 667 ad
778 633 910 667 verbum
924 633 963 666 de
979 632 1104 665 indulto

359 685 546 719 huiusmodi
567 687 775 720 mentionem.

401 739 516 773 Datum
543 740 663 773 Romae
692 739 778 784 apud
797 739 828 773 S.
864 739 993 772 Petrum
1009 765 1016 779 ,
1043 738 1102 771 sub

358 793 479 825 annulo
499 792 685 834 piscatoris,
709 793 760 826 die
780 803 814 826 111
838 793 914 825 maii
930 801 1103 832 MDLxxvur,

357 845 565 889 pontificatus
587 846 687 880 nostri
708 856 792 879 anno
811 856 852 878 w.

417 903 479 933 Dat.
494 903 541 934 die
559 903 576 933 3
592 904 663 934 maii
679 904 767 941 1578,
787 903 890 943 pontis.
909 912 986 933 anno
1001 911 1041 933 w.

635 1078 790 1116 LXXXIII.

357 1156 535 1201 Confirmat
555 1158 684 1191 indulta
703 1157 860 1201 maqistro
886 1161 916 1190 et
940 1157 1099 1200 fratribus

397 1211 567 1254 hospitalis
576 1210 616 1243 B.
627 1211 670 1243 M.
690 1210 958 1243 Theutom'corum
974 1220 995 1242 α
1004 1220 1100 1253 prae-

395 1264 608 1297 decessoribus
628 1265 695 1297 sm's
715 1274 858 1296 concessa
879 1274 951 1296 cum
971 1264 1097 1307 supple-

396 1318 481 1350 tione
493 1317 684 1359 defectuum,
700 1317 892 1359 praesertim
899 1326 995 1361 super
1004 1327 1098 1360 prae-

393 1371 574 1403 sentatione
589 1370 632 1403 ad
647 1370 800 1413 beneficia
816 1370 896 1402 dicti
911 1369 1094 1412 hospitalis,

393 1426 424 1455 et
437 1423 574 1456 innovat
591 1427 753 1466 perpetuo,
771 1423 819 1456 ita
834 1423 916 1467 quod
933 1422 1012 1456 ἀίετέ
1029 1433 1098 1455 ma-

392 1476 492 1519 yister
511 1480 540 1509 et
556 1476 676 1518 fratres
692 1478 728 1509 in
746 1475 915 1509 collatione
929 1486 984 1509 seu
1004 1487 1098 1520 prae-

392 1530 572 1563 sentatione
588 1530 631 1563 ad
648 1530 736 1563 dicta
757 1531 922 1573 beneficia,
941 1531 1041 1563 etiam
1060 1530 1097 1562 in

391 1594 496 1616 mense
511 1587 671 1616 reservato
682 1587 711 1616 et
720 1583 925 1627 apudSedem
932 1584 1095 1623 vacantia,

391 1637 558 1669 molestari
569 1647 635 1669 non
651 1637 797 1676 debeant,
811 1641 839 1669 et
850 1637 1096 1680 litterisaposto-

392 1690 463 1723 licis
486 1691 670 1733 impetratis
696 1694 811 1723 eontra
838 1700 948 1723 eorum
967 1690 1096 1723 indulta

392 1753 458 1776 non
476 1747 648 1776 teneantur
659 1743 860 1786 respondere,
869 1744 937 1776 nisi
943 1743 980 1776 de
989 1743 1096 1776 indul-

394 1796 435 1829 tis
454 1797 533 1839 ipsis
548 1796 683 1838 fecerint
701 1796 898 1829 mentionem
918 1796 945 1829 1.

345 1872 492 1913 Gregoritis
502 1877 573 1913 Papa
581 1876 650 1910 xm,
658 1877 692 1905 ad
700 1878 863 1913 perpetuam
873 1876 916 1905 rei
925 1876 1094 1905 memoriam.

389 1947 524 1988 Eximia,
535 1958 633 1991 quam
644 1947 685 1980 ad
697 1956 756 1980 nos
770 1947 951 1990 Sedemque
962 1947 1096 1991 Aposto-

347 1998 443 2034 licam
459 2000 568 2034 dilecti
582 1998 811 2043 siliimagister‚
828 1999 1095 2033 commendatarii

347 2062 378 2088 et
397 2053 511 2088 fratres
527 2052 693 2098 hospitalis
712 2054 744 2086 B.
762 2053 867 2086 Mariae
881 2051 1097 2086 Theutonico-

348 2118 421 2140 rum
431 2106 712 2151 Hierosolymitani
723 2116 835 2149 gerere
846 2104 1092 2148 dignoscuntur,

347 2161 474 2194 devotio
493 2172 552 2194 nos
572 2160 696 2193 inducit
715 2165 751 2193 ut
772 2170 856 2203 quae
880 2159 926 2192 eis
951 2169 988 2192 ac
1008 2155 1094 2193 dicto

348 2214 498 2257 hospitali
519 2213 696 2258 apostolica
723 2212 914 2246 auctoritate
943 2222 1095 2245 concessa

349 2273 379 2299 et
398 2267 577 2310 approbata
596 2267 738 2307 suerunt,
756 2276 821 2309 quo
836 2265 957 2298 maiore
977 2265 1094 2298 robore

348 2320 562 2361 stabiliantur,
582 2320 720 2353 libenter
736 2319 967 2363 approbemuS,
984 2324 1015 2350 et
1033 2318 1095 2351 alia

348 2372 487 2417 desuper
515 2374 747 2417 disponamus,
768 2377 864 2416 prout
875 2371 1094 2414 conspicimus

349 2424 381 2457 in
403 2425 536 2459 Domino
556 2426 730 2459 salubriter
748 2423 910 2469 expedire.

393 2479 408 2520 ἓ
432 2479 462 2510 Ἰ.
486 2479 588 2519 Sane,
620 2479 666 2511 uti
696 2478 853 2512 Henricus
879 2476 1034 2520 magister
1063 2481 1094 2508 et

349 2532 612 2564 commendatarii
633 2536 663 2565 et
687 2532 801 2565 fratres
820 2530 977 2574 praedicti
1001 2529 1094 2562 nobis

349 2594 454 2627 nupt-r
473 2584 587 2627 exponi
611 2584 778 2623 fecerunt,
809 2583 910 2617 felicis
941 2582 1092 2616 recorda-

385 2650 396 2676 1
413 2648 455 2677 Ex
471 2649 580 2684 Regest.
598 2650 626 2677 in
647 2650 751 2678 Secret.
769 2649 915 2677 Brevium‘

956 258 1132 285 uULLARwM
1156 257 1306 285 ROMANUM

1147 312 1243 346 tionis
1261 311 1436 357 Gregorius
1454 314 1493 348 lx
1513 320 1544 347 et
1562 314 1817 350 InnocentiusIV
1829 315 1892 351 eis*

1147 367 1220 400 dem
1249 367 1402 410 magistro
1427 374 1457 400 et
1487 369 1640 401 fratribus
1664 376 1892 404 concesserunt

1146 420 1232 463 quod
1246 420 1283 460 si,
1301 431 1398 464 super
1413 420 1556 462 indultis,
1572 432 1655 465 quae
1666 422 1769 455 eidem
1785 423 1891 467 hospi*

1145 472 1199 505 tali
1227 473 1266 506 ab
1297 473 1408 506 eadem
1428 473 1509 507 Sede
1538 485 1596 518 pro
1622 481 1766 519 tempore
1788 482 1891 510 essent

1145 537 1307 567 concessa,
1326 532 1437 560 contra
1447 537 1560 560 eorum
1573 533 1717 562 tenorem
1731 529 1852 563 litteras
1859 541 1891 563 a·

1144 579 1315 623 postolicas
1335 580 1501 624 impetrari
1518 580 1728 624 contingeret,
1750 593 1833 625 quae
1849 583 1890 616 de·

1143 632 1277 666 indultis
1295 633 1482 666 huiusmodi
1497 643 1562 667 non
1582 634 1731 667 fecissent
1750 636 1888 669 mentio-=

1143 696 1230 727 nem,
1247 685 1307 729 ipsi
1328 686 1481 730 magister
1500 691 1531 719 et
1547 687 1659 720 fratres
1679 698 1736 731 per
1755 698 1808 721 eas
1822 699 1888 722 non

1142 743 1328 772 tenerentur
1359 739 1573 783 respondere3
1604 746 1634 773 et
1668 741 1782 774 deinde
1816 742 1888 785 piae

1141 793 1304 826 memoriae
1336 793 1516 826 Alexander
1541 794 1577 826 IV
1604 794 1723 827 eisdem
1753 795 1887 829 indulsit

1140 851 1176 878 ut
1195 846 1235 879 ad
1254 847 1472 890 provisionem
1493 847 1631 880 alicuius
1660 847 1693 880 in
1717 849 1885 891 pensioni-

1136 898 1258 942 busvel
1276 900 1442 933 beneficiis
1453 900 1674 934 ecclesiasticis
1690 907 1747 945 per
1761 901 1885 936 litteras

1139 952 1282 986 eiusdem
1307 953 1398 986 Sedis
1415 954 1464 987 vel
1484 954 1664 996 legatorum
1684 954 1754 988 eius
1781 954 1884 999 impe-

1138 1011 1247 1050 tratas,
1266 1016 1324 1050 per
1340 1017 1420 1050 quas
1437 1016 1502 1039 non
1518 1007 1558 1040 sit
1572 1006 1669 1040 alicui
1685 1007 1735 1041 ius
1754 1009 1883 1051 quaesi*

1138 1064 1217 1099 tum,
1233 1064 1264 1092 et
1281 1059 1510 1103 impetrandas,
1530 1060 1663 1093 minime
1680 1065 1879 1104 tenerentur,

1136 1122 1196 1146 nec
1215 1112 1255 1146 ad
1273 1123 1310 1146 ea
1329 1114 1480 1158 compelli
1509 1114 1644 1158 possint,
1675 1114 1735 1148 nisi
1755 1115 1882 1149 litterae

1135 1165 1318 1208 praedictae
1338 1166 1377 1199 de
1395 1166 1520 1199 indulto
1540 1166 1724 1200 huiusmodi
1754 1173 1785 1201 et
1813 1173 1880 1202 toto

1135 1224 1247 1252 tenore
1265 1219 1367 1264 ipsius
1386 1230 1567 1264 expressam
1588 1219 1730 1254 facerent
1745 1221 1880 1255 mentios

1134 1282 1221 1313 nem,
1243 1272 1335 1305 cuius
1354 1272 1523 1306 Alexandri
1548 1273 1708 1306 indultum
1731 1274 1880 1308 Urbanus

1134 1325 1173 1358 lv
1205 1331 1236 1358 et
1255 1326 1406 1359 Nicolaus
1430 1326 1467 1359 tv
1493 1327 1714 1370 approbarunt
1743 1333 1775 1360 et
1798 1339 1878 1361 con⁴

1134 1379 1317 1413 firmarunt.

1178 1433 1193 1476 ἓ
1213 1432 1245 1466 2.
1267 1433 1314 1466 Ad
1340 1433 1431 1473 haec,
1459 1432 1531 1476 piae
1556 1433 1731 1467 memoriae
1750 1434 1877 1468 Bonitas

1135 1485 1203 1519 cius
1222 1486 1262 1519 IX
1280 1491 1371 1519 motu
1390 1486 1522 1530 proprio
1542 1486 1652 1519 statuit
1670 1491 1702 1519 et
1720 1486 1878 1521 ordinavit

1133 1539 1220 1582 quod
1239 1539 1278 1572 de
1294 1545 1401 1573 cetero
1411 1539 1503 1579 nulli,
1517 1540 1750 1583 cuiuscumque
1764 1545 1875 1582 status,

1133 1592 1252 1635 gradus
1270 1593 1319 1625 vel
1340 1592 1534 1625 conditionis
1560 1592 1728 1633 existenti,
1750 1593 1876 1634 liceret,

1134 1645 1194 1678 sub
1211 1645 1552 1678 excommunicationis
1571 1645 1728 1678 sententia
1749 1656 1786 1679 eo
1806 1645 1876 1689 ipso

1133 1708 1192 1742 per
1210 1696 1698 1739 contravenientesincurrenda,
1711 1699 1875 1739 ecclesias,

1134 1751 1232 1784 etiam
1255 1751 1469 1794 parochiales,
1491 1751 1666 1795 cappellas,
1687 1751 1799 1785 altaria
1822 1757 1878 1785 aut

1134 1804 1196 1837 alia
1214 1804 1371 1838 beneficia
1390 1804 1619 1844 ecclesiastica,
1637 1815 1711 1837 cum
1731 1815 1809 1838 cura
1827 1805 1878 1838 vel

1134 1857 1202 1891 sine
1222 1868 1312 1898 cura,-
1334 1858 1437 1891 eidem
1468 1857 1618 1901 hospitali
1643 1863 1699 1890 aut
1725 1857 1877 1892 domibus

1134 1911 1173 1943 ab
1193 1922 1231 1944 eo
1251 1910 1509 1954 dependentibus
1527 1910 1725 1954 ubicumque
1741 1910 1877 1944 existen-

1133 1964 1220 1998 tibus
1236 1965 1412 2009 apostolica
1430 1965 1480 1997 vel
1491 1964 1552 1997 alia
1563 1963 1675 2007 quavis
1685 1964 1876 1998 auctoritate

1133 2014 1350 2062 incorporata,
1371 2017 1410 2050 ab
1431 2017 1542 2050 eadem
1567 2016 1648 2050 Sede
1671 2017 1717 2050 vel
1743 2017 1876 2051 aliunde

1133 2070 1311 2114 impetrari,
1332 2071 1380 2104 vel
1405 2081 1442 2103 ea
1465 2069 1579 2114 quovis
1602 2070 1748 2113 quaesito
1765 2070 1876 2104 colore

1133 2129 1254 2167 petere,
1282 2124 1330 2156 vel
1349 2134 1446 2167 super
1465 2123 1542 2167 ipsis
1561 2134 1615 2156 eos
1633 2123 1792 2166 impedire
1821 2129 1876 2157 aut

1134 2177 1378 2220 quomodolibet
1408 2177 1576 2210 molestare
1604 2187 1719 2220 posse3
1752 2181 1783 2210 et
1815 2187 1875 2220 poa

1133 2237 1251 2263 stremo
1270 2230 1342 2273 piae
1368 2229 1542 2263 memoriae
1554 2229 1708 2262 Martinus
1725 2229 1811 2273 Papa
1841 2230 1874 2269 V,

1133 2283 1395 2327 praedecessores
1424 2283 1542 2323 nostri,
1573 2282 1694 2315 eisdem
1722 2282 1874 2325 magistro

1133 2342 1163 2369 et
1183 2336 1354 2376 fratribus,
1379 2342 1414 2369 ut
1433 2337 1472 2369 ad
1493 2336 1644 2369 ecclesias
1663 2341 1694 2369 et
1716 2335 1875 2368 beneficia

1132 2389 1328 2430 huiusmodi,
1348 2400 1431 2432 quae
1451 2389 1484 2422 in
1509 2388 1674 2432 quibusvis
1699 2386 1874 2432 provinciis

1133 2443 1196 2476 sive
1213 2442 1292 2476 locis
1306 2448 1383 2476 tunc
1403 2442 1559 2486 temporis
1579 2441 1766 2475 obtinebant
1785 2446 1816 2474 et
1841 2441 1874 2473 in

1133 2491 1276 2524 futurum
1297 2491 1487 2530 obtinerent,
1513 2491 1608 2523 etiam
1624 2500 1683 2534 per
1698 2499 1873 2533 quoscum*

1131 2549 1194 2582 que
1205 2540 1272 2583 regi
1290 2545 1459 2581 consueta,
1471 2539 1738 2583 quotiescumque
1758 2537 1828 2570 illas
1843 2541 1875 2569 et

1132 2587 1185 2621 illa
1195 2599 1307 2621 vacare
1322 2589 1532 2631 contingeret,
1548 2597 1702 2631 personas
1719 2587 1797 2620 dicti
1813 2587 1874 2619 ho·-

1131 2637 1253 2680 spitalis
1269 2643 1323 2671 aut
1341 2637 1420 2671 alias
1437 2636 1678 2676 ecclesiasticas,-
1688 2640 1784 2680 prout
1795 2634 1874 2679 ipsis

1958 143 2017 233 ἃ.

1901 272 1953 301 An.
1972 266 2010 303 Gn·
