2059 3228
28 203 121 235 ‚1⁵8⁷

87 2305 123 2321 V}-

782 221 891 243 stXTus
920 221 934 242 V
964 220 1012 243 ΓΡ.

127 277 161 307 et
184 272 222 306 de
247 272 364 315 quibus
390 283 446 316 per
464 273 576 306 Sedem
592 274 802 317 Apostolicam
818 275 881 306 dis-

129 326 206 370 poni
231 336 296 359 non
321 326 493 365 consuevit,
518 337 600 370 quae
624 327 663 359 de
681 327 750 359 iure
776 333 883 370 patro-

130 383 226 412 natus
251 383 304 412 tuo
329 385 360 412 et
378 390 431 412 seu
446 379 605 412 dictorum
624 380 882 422 magistratuum,

128 432 396 466 commutatatum
415 460 422 472 ,
448 432 690 465 universitatum
725 439 751 465 et
781 433 883 465 homi-

129 496 208 519 num
232 495 288 517 seu
311 485 407 518 etiam
433 485 568 518 aliorum
588 486 741 518 laicorum
761 486 881 528 praesa-

131 544 248 578 torum,
273 543 308 570 ut
332 537 511 581 praefertur
528 565 535 577 ,
561 543 658 577 sunt,
692 538 729 571 de
755 538 881 570 illorum

129 596 340 636 patronorum
365 590 520 624 laicorum
545 601 701 624 consensu
722 603 728 628 ;
758 592 782 623 si
809 602 882 624 vero

131 644 170 677 de
195 643 266 677 iure
289 648 479 687 patronatus
517 644 675 677 dictorum
712 646 882 686 magistra-

130 702 222 729 tuum
239 724 247 737 ,
271 697 539 730 communitatum
564 699 610 730 vel
635 698 879 731 universitatum

129 756 162 783 et
185 750 354 783 hominum
379 750 615 794 praedictorum
632 750 761 791 fuerint,
786 752 881 784 etiam

130 803 252 846 absque
276 803 403 836 illorum
429 813 597 843 consensu,
622 814 658 836 ac
682 804 777 836 etiam
796 805 881 838 ordi-

131 856 215 889 narii
234 856 293 889 loci
311 856 359 889 vel
371 856 515 901 ⁸cuiusvis
529 857 660 890 alterius
676 857 804 891 licentia
823 859 881 891 mi-

131 910 218 944 nime
241 910 406 954 requisita,
423 916 578 954 perpetuo
591 911 693 951 unire,
711 917 881 945 annectere

131 969 161 997 et
185 963 402 1008 incorporare,
427 975 482 998 seu
507 965 612 1008 aliqua
636 975 672 998 ex
688 965 733 998 eis
757 965 881 1009 suppri-

132 1025 231 1060 mere,
254 1028 291 1051 ac
307 1019 340 1051 in
359 1018 476 1052 eisdem
496 1018 706 1062 hospitalibus
723 1024 752 1051 et
769 1029 879 1052 eorum

130 1071 282 1112 ecclesiis,
305 1076 340 1104 ut
365 1071 545 1115 praeses-tur
562 1099 570 1113 ,
602 1072 701 1105 unitis
719 1099 727 1113 ‚
751 1073 883 1105 annexis

128 1130 163 1165 el
178 1124 391 1169 incorporatis
404 1130 461 1165 tot,
477 1130 553 1168 quot
575 1125 722 1165 volueris,
739 1131 768 1158 et
786 1131 881 1169 prout

131 1177 191 1211 tibi
215 1179 329 1212 melius
352 1178 513 1212 videbitur
537 1184 566 1212 et
600 1179 766 1222 placuerit,
791 1191 883 1223 prae-

131 1232 292 1276 ceptorias
316 1232 451 1266 militiae
476 1232 684 1273 huiusmodi,
718 1233 758 1266 ad
782 1233 882 1266 instar

131 1285 270 1319 aliarum
293 1285 397 1319 dictae
421 1286 553 1318 militiae
588 1286 882 1330 praeceptoriarum

131 1349 190 1383 per
212 1338 298 1372 illius
323 1339 439 1372 milites
461 1339 599 1372 obtineri
613 1339 788 1383 solitarum,
802 1351 884 1384 quae

131 1401 190 1437 per
213 1397 244 1426 te
268 1398 299 1426 et
322 1403 380 1436 pro
405 1397 547 1437 tempore
571 1392 757 1427 existentem
781 1393 884 1426 dictae

132 1445 265 1479 militiae
289 1456 443 1489 magnum
458 1447 660 1490 magistrum,
679 1447 719 1480 ad
734 1457 883 1491 praesen-

132 1499 285 1532 tationem
309 1497 435 1532 illorum
461 1505 671 1543 patronorum
696 1500 742 1533 vel
759 1501 798 1533 de
815 1501 882 1534 illo-

132 1557 204 1586 rum
217 1562 374 1586 consensu
385 1553 517 1586 concedi
527 1558 557 1586 et
571 1552 726 1596 assignari
736 1552 883 1594 debeant,

131 1607 229 1640 etiam
253 1611 408 1650 perpetuo
431 1606 555 1650 erigere
580 1611 611 1639 et
635 1605 813 1646 instituere,
830 1617 884 1639 eo-

134 1659 346 1704 rumdemque
369 1660 576 1704 hospitalium
602 1660 734 1701 fructus,
758 1660 880 1693 reditus

132 1718 165 1746 et
186 1718 360 1757 proventus
384 1715 521 1758 (servata
540 1713 755 1757 hospitalitate
771 1719 802 1747 et
815 1714 885 1747 aliis

134 1765 261 1799 illorum
278 1766 432 1800 oneribus
447 1767 657 1811 supportatis)
670 1773 884 1808 remanentes,

134 1819 228 1853 dictis
251 1820 483 1864 praeceptoriis
496 1820 542 1853 sic
558 1820 719 1863 erigendis
744 1826 774 1854 et
791 1820 884 1854 insti—

134 1872 262 1906 tuendis
284 1873 382 1906 etiam
406 1879 561 1918 perpetuo
584 1874 744 1918 applicare
769 1879 800 1907 et
828 1885 883 1918 ap—

132 1926 300 1969 propriare
319 1926 418 1960 libere
441 1932 471 1960 et
496 1928 580 1961 licite
605 1928 706 1971 possis
723 1933 754 1961 et
771 1928 885 1970 valeas,

132 1980 259 2023 plenam
285 1985 313 2013 et
339 1980 472 2013 liberam
499 1991 535 2013 ac
564 1981 784 2014 omnimodam
809 1992 885 2025 apo-

132 2032 244 2066 stolica
257 2033 457 2074 auctoritate,
472 2038 582 2067 tenore
595 2034 825 2077 praesentium,
839 2035 883 2068 fa-

131 2086 293 2127 cultatem,
310 2091 500 2130 potestatem
518 2093 548 2120 et
567 2087 789 2120 auctoritatem
807 2097 884 2120 con-

132 2139 276 2173 cedimus
299 2145 331 2173 et
354 2140 572 2184 impartimur,
596 2142 718 2184 tibique
747 2142 884 2185 desuper

132 2191 171 2225 de
195 2193 324 2236 speciali
349 2194 453 2237 gratia
477 2194 691 2238 indulgemus.

111 2256 123 2289 ζ
175 2247 191 2291 ἓ
217 2247 247 2281 3.
271 2247 483 2281 Decernentes
506 2248 539 2281 in
563 2248 679 2281 eisdem
698 2248 883 2291 praemissis

131 2307 163 2336 et
185 2301 270 2335 circa
294 2312 331 2335 ea
354 2311 412 2344 per
427 2306 458 2334 te
474 2301 616 2334 facienda
634 2306 661 2334 et
681 2302 883 2334 terminanda

131 2365 257 2399 semper
273 2359 304 2389 et
319 2359 473 2398 perpetuo
496 2356 611 2396 valere,
635 2366 670 2388 ac
687 2355 727 2387 ab
743 2356 804 2388 illis
820 2356 882 2388 ullo

132 2419 286 2453 umquam
310 2413 467 2452 tempore,
483 2408 595 2452 quovis
611 2413 788 2451 praetextu,
801 2409 878 2441 resi-

131 2459 183 2496 liri
207 2473 273 2497 non
296 2472 398 2506 posse,
423 2467 454 2494 et
471 2471 687 2506 quascumque
703 2461 882 2495 concessio—

131 2525 188 2549 nes
211 2515 245 2548 in
269 2514 469 2549 contrarium
493 2514 664 2556 faciendas,
689 2514 806 2547 nullius
830 2526 881 2548 ro-

133 2568 220 2602 boris
243 2569 291 2602 vel
328 2568 482 2602 momenti
514 2567 658 2601 existere.
682 2567 881 2601 Declarantes

132 2627 314 2665 praesentes
349 2622 469 2654 litteras
503 2621 542 2653 de
577 2620 794 2663 subreptionis
833 2622 879 2653 vel

238 2666 317 2699 Boll.
344 2666 432 2699 Rom.
464 2666 525 2697 Vol.
579 2665 667 2698 VIII.

867 2682 934 2718 2415

1562 212 1626 245 913

912 274 1109 317 obreptionis
1133 281 1185 307 aut
1205 276 1357 309 nullitatis
1383 275 1466 315 vitio,
1485 287 1539 308 scu
1558 276 1665 309 inten-

913 326 1008 359 tionis
1033 332 1159 359 nostrae
1186 330 1230 361 vel
1256 329 1406 372 quopiam
1440 329 1502 361 alio
1542 329 1664 362 defectu

914 379 1016 411 notari
1033 380 1078 412 vel
1098 380 1279 424 impugnari
1299 383 1479 416 nullatenus
1496 394 1597 426 posse,
1615 383 1668 416 sed

912 433 1183 467 incommutabilis
1219 436 1389 468 voluntatis
1421 441 1450 469 et
1478 436 1667 468 intentionis

912 491 1038 519 nostrae
1063 487 1158 519 fuisse
1176 493 1203 520 et
1223 499 1301 522 esse.
1322 489 1435 532 Sicque
1448 495 1476 522 ct
1496 500 1558 523 non
1578 490 1670 522 aliter

913 551 968 583 per
992 550 1210 584 quoscumque
1236 542 1357 575 iudices
1374 548 1403 576 et
1418 543 1663 583 commissarios,

913 594 1023 636 quavis
1039 594 1229 627 auctoritate
1247 595 1428 638 fungentes,
1446 596 1541 628 etiam
1561 596 1664 628 suti.

911 647 1088 681 cardinales
1111 658 1147 680 ac
1172 658 1343 680 causarum
1369 647 1477 680 Palatii
1496 648 1664 691 Apostolici

911 700 1094 741 auditores,
1120 701 1243 733 sublata
1267 701 1312 734 eis
1337 707 1368 734 et
1397 711 1509 734 eorum
1536 701 1662 734 cuilibet

912 754 1022 797 quavis
1047 753 1138 787 aliter
1177 753 1339 787 iudicandi
1371 759 1401 787 et
1436 753 1669 797 interpretandi

912 807 1059 840 facultate
1081 812 1113 840 et
1136 807 1325 840 auctoritate
1341 835 1348 848 ,
1373 807 1509 840 iudicari
1535 812 1565 840 et
1591 807 1670 840 deti-

912 861 973 894 niri
1000 858 1147 901 'debere3
1184 861 1312 894 irritum
1349 871 1481 904 quoque
1517 865 1548 893 et
1572 860 1668 892 inane

912 914 1065 958 quicquid
1104 925 1194 947 secus
1233 924 1329 957 super
1354 913 1402 946 his
1427 924 1444 946 a
1477 924 1638 956 quoquam
1659 940 1667 953 ,

913 968 1023 1011 quavis
1036 967 1236 1008 auctoritate,
1255 967 1393 1000 scienter
1407 967 1454 1000 vel
1468 967 1666 1010 ignoranter,

912 1021 1083 1064 contigelit
1111 1021 1272 1054 attentari.

955 1074 1013 1117 §4
992 1074 1109 1107 4.Non
1131 1074 1332 1107 obstantibus
1349 1073 1514 1117 quibusvis
1539 1078 1682 1126 aposto-

913 1127 997 1167 licis;
1015 1138 1052 1160 ae
1077 1127 1111 1160 in
1134 1127 1388 1171 provincialibus
1413 1132 1444 1160 et
1462 1113 1773 1170 synodalibusgativ¹3ur1a

913 1180 1056 1213 conciliis
1080 1180 1183 1220 editis,
1209 1180 1414 1223 generalibus
1447 1181 1494 1213 vel
1523 1180 1668 1224 speciali-

914 1234 973 1267 bus
989 1234 1271 1268 constitutionibus
1288 1239 1317 1268 et
1342 1234 1611 1272 ordinationibus;
1629 1244 1666 1266 ac

914 1286 1074 1320 dictorum
1103 1287 1321 1330 hospitalium,
1346 1288 1442 1321 etiam
1473 1287 1667 1328 iuramento,

914 1341 1159 1375 confirmatione
1184 1342 1357 1386 apostolica
1374 1343 1421 1376 vel
1437 1343 1547 1386 quavis
1565 1342 1665 1375 firmi-

915 1401 979 1430 tate
1002 1395 1064 1428 alia
1086 1396 1258 1438 roboratis,
1275 1396 1401 1430 statutis
1418 1401 1447 1429 et
1465 1395 1667 1429 consuetudi-

915 1449 1030 1488 nibus;
1055 1449 1231 1493 privilegiis
1249 1460 1386 1494 quoque,
1405 1450 1548 1491 indultis,
1564 1460 1667 1483 exem-

914 1502 1089 1545 ptionibus⁷
1113 1503 1359 1536 conservatoriis
1388 1509 1418 1537 et
1449 1504 1520 1537 aliis
1551 1504 1666 1536 litteris

915 1556 1110 1600 apostolicis,
1135 1557 1195 1590 sub
1220 1557 1476 1600 quibuscumque
1502 1557 1669 1590 tenoribus

914 1614 944 1642 et
968 1609 1090 1651 formis,
1114 1620 1149 1643 ae
1174 1620 1245 1643 cum
1271 1610 1436 1653 quibusvis
1460 1610 1609 1643 clausulis
1634 1615 1663 1642 et

915 1662 1060 1703 decretis,
1086 1662 1119 1695 in
1143 1673 1260 1706 genere
1284 1663 1331 1696 vel
1356 1662 1390 1695 in
1415 1663 1528 1706 specie,
1547 1663 1666 1696 eisdem

916 1716 1127 1760 hospitalibus
1152 1717 1199 1750 vel
1220 1717 1347 1749 illorum
1364 1716 1553 1757 rectoribus,
1571 1716 1666 1749 etiam

915 1769 1047 1813 pluries,
1065 1770 1233 1808 concessis,
1259 1770 1458 1803 confirmatis
1481 1775 1510 1802 et
1536 1769 1667 1802 innova-

915 1822 965 1855 tis.
990 1822 1110 1861 Quibus
1134 1823 1294 1864 omnibus,
1318 1823 1443 1856 etiamsi
1468 1823 1506 1856 de
1531 1823 1592 1856 illis
1616 1833 1667 1855 eo-

915 1885 1052 1918 rumque
1075 1876 1150 1909 totis
1175 1877 1342 1910 tenoribus
1366 1877 1532 1920 specialis,
1558 1877 1665 1920 speci-

914 1927 974 1960 fica
1009 1938 1154 1972 expressa
1186 1935 1217 1962 et
1242 1929 1407 1963 individua
1424 1957 1431 1971 ,
1457 1941 1521 1963 non
1557 1936 1663 1964 autem

915 1990 972 2023 per
988 1981 1143 2014 clausulas
1161 1983 1324 2025 generales
1341 1983 1425 2016 idem
1443 1984 1667 2027 importantes,

915 2035 1035 2067 mentio
1049 2046 1103 2068 seu
1111 2036 1239 2078 quaevis
1252 2037 1313 2069 alia
1330 2037 1490 2080 expressio
1508 2037 1668 2078 habenda,

915 2094 969 2121 aut
993 2089 1100 2132 aliqua
1124 2089 1187 2122 alia
1221 2090 1376 2133 exquisita
1411 2090 1513 2123 forma
1537 2091 1577 2123 ad
1601 2090 1663 2123 hoc

913 2142 1069 2175 servanda
1093 2142 1183 2183 foret,
1202 2142 1328 2175 illorum
1347 2144 1491 2176 omnium
1504 2148 1533 2176 et
1551 2143 1662 2186 singu-

914 2197 1016 2228 lorum
1043 2201 1167 2229 tenores
1191 2197 1414 2239 praesentibus
1427 2207 1485 2240 pro
1502 2196 1662 2229 sufficien-

913 2254 961 2281 ter
983 2250 1139 2292 expressis
1163 2255 1193 2282 et
1217 2249 1344 2282 insertis
1360 2249 1526 2290 habentes
1545 2249 1663 2282 harum

913 2302 993 2335 serie
1011 2329 1018 2343 ‚
1044 2302 1223 2345 specialiter
1246 2308 1278 2335 et
1301 2312 1446 2345 expresse
1471 2303 1664 2345 derogamus

912 2359 941 2387 et
966 2355 1005 2387 ad
1029 2355 1158 2398 plenum
1190 2355 1378 2399 derogatum
1402 2366 1471 2389 esse
1495 2357 1638 2390 volumus
1657 2384 1666 2397 ,

912 2408 1089 2451 ceterisque
1112 2409 1281 2442 contrariis
1306 2409 1572 2454 quibuscumque.

954 2461 1067 2494 Datum
1092 2462 1209 2494 Romae
1247 2463 1331 2505 apud
1371 2463 1399 2496 S.
1428 2463 1580 2506 Marcum,
1604 2466 1664 2498 sub

911 2515 1029 2548 annulo
1073 2515 1243 2548 piscatoris
1261 2540 1271 2557 ‚
1311 2516 1361 2549 die
1399 2526 1431 2549 xl
1471 2517 1663 2560 septembris

910 2578 1096 2608 ainnxxxvn,
1120 2568 1325 2611 pontificatus
1349 2569 1449 2602 nostri
1482 2580 1567 2602 anno
1590 2581 1639 2604 111.

954 2621 1019 2654 Dat.
1045 2622 1094 2654 die
1122 2622 1156 2654 11
1187 2627 1265 2665 sept.
1290 2622 1387 2663 1587,
1405 2623 1493 2666 potis.
1513 2634 1660 2702 anmfflu.

1686 213 1735 239 An.
1755 212 1783 238 C.
1807 214 1872 239 1557

1692 1081 1738 1099 slat
1738 1081 1872 1100 sulaeeo-ri

1776 1109 1870 1144 wilt
