2059 3228
125 214 176 241 Au.
194 215 222 242 C.
242 216 308 244 1576

144 489 228 511 sanctio
247 495 301 518 poe-

117 526 180 542 uult>-

122 1721 242 1743 Enordium.

366 209 430 242 5534

320 277 348 303 et
371 277 469 308 exn-a,
496 269 697 309 adhibeatur,
721 278 804 313 quae
832 269 910 314 ipsis
941 270 1068 312 orgina-

320 323 403 354 libus
423 322 641 363 adhiberetur,
662 321 688 355 si
708 323 813 356 forent
836 323 994 357 exhibitae
1017 323 1066 357 vel

317 381 474 408 ostensae.

359 429 374 470 ἓ
399 428 452 461 11.
480 428 566 461 Nulli
590 439 666 473 ergo
687 428 819 463 omnino
842 429 1013 462 hominum
1027 429 1066 462 li-

314 487 384 514 ceat
403 481 486 514 hanc
506 481 656 525 paginam
685 487 812 516 nostrae
839 483 1062 523 absolutionis,

314 534 568 578 approbationis,
582 536 846 576 confirmationis,
863 537 1062 577 adiectionis,

313 588 549 629 concessionis,
585 589 804 632 elargitionis‚
843 582 1060 631 relaxationis,

311 639 551 685 impartitionis,
564 642 779 685 inhibitionis,
790 645 942 684 mandati,
951 645 1063 678 volun-

311 694 382 728 tatis
402 700 434 728 et
453 696 655 730 decretorum
668 697 856 741 infringere,
876 699 924 731 vel
938 698 967 732 ei
979 709 1060 732 ausu

310 748 482 782 temerario
515 751 688 785 contraire.
718 751 750 785 Si
771 751 844 795 quis
864 758 972 785 autem
997 752 1059 786 hoc

309 806 466 835 attentare
486 804 751 848 praesumpserit,
778 809 835 838 etc.

351 855 467 889 Datum
481 856 602 891 Romae
630 859 717 902 apud
742 859 895 892 Sanctum
916 859 1056 900 Petrum,

307 919 392 942 anno
411 909 645 945 Incarnationis
673 912 855 946 dominicae
883 913 1056 946 millesimo

305 962 566 1006 quingentesimo
581 966 818 1009 septuagesimo
839 971 937 1006 sexto,
968 972 1056 1000 sexto

304 1015 457 1050 kalendas
476 1017 600 1062 aprilis,
633 1019 840 1063 pontificatus
867 1020 968 1053 nostri
997 1031 1055 1054 an-

303 1079 345 1102 no
365 1079 408 1103 1v.

341 1126 405 1158 Dat.
423 1128 470 1159 die
486 1129 524 1160 27
541 1130 640 1160 martii
653 1131 741 1169 1576,
759 1131 865 1172 pontis.
879 1142 956 1163 anno
972 1141 1013 1164 lv.

585 1248 762 1283 CLXXXIV.

299 1307 513 1353 Confirmatio
523 1313 691 1345 erectionis
702 1313 984 1355 confraternitatis
995 1325 1052 1348 na-

343 1363 441 1396 tionis
461 1365 678 1399 Bononiensis
698 1367 734 1399 in
761 1367 840 1400 Urbe
860 1369 1048 1409 institutae,

340 1427 412 1449 cum
426 1418 582 1460 facultate
590 1412 764 1463 quotannis
774 1421 937 1454 liberandi
946 1432 1050 1456 unum

339 1475 540 1505 carceratum
549 1476 607 1505 etc.
627 1472 654 1505 1.

339 1542 483 1578 Gregorius
501 1543 655 1580 episcopus,
675 1552 771 1574 servus
787 1553 927 1576 servorum
944 1547 1001 1585 Dei,

435 1598 470 1626 ad
486 1599 648 1634 perpetuam
671 1599 712 1628 rei
741 1601 910 1630 memoriam.

338 1658 568 1694 Sacrosanctae
583 1660 746 1696 Romanae
767 1663 937 1705 Ecclesiae,
948 1676 1045 1708 quam

292 1713 435 1755 supremi
445 1713 544 1747 Patris
551 1714 636 1747 filius
648 1715 734 1748 Iesus
748 1716 903 1758 Christus,
920 1718 1046 1762 pietatis

292 1772 417 1807 auctor,
430 1765 578 1808 instituit,
589 1768 752 1811 regimini,
763 1770 885 1804 meritis
897 1771 972 1804 licet
983 1772 1044 1805 im-

290 1818 434 1861 paribus,
450 1820 679 1863 praesidentes,
690 1822 744 1865 pia
760 1828 790 1856 et
800 1824 942 1858 salubria
962 1825 1043 1859 fide-

290 1871 369 1905 lium
387 1873 547 1915 omnium,
564 1875 755 1918 praesertim
778 1877 918 1910 nationis
940 1878 1044 1912 Bono-

290 1925 428 1965 niensis,
447 1926 569 1969 patriae
597 1934 725 1961 nostrae
754 1929 958 1972 originariae,
976 1932 1042 1965 sin-

290 1988 363 2011 cere
387 1979 479 2012 nobis
492 1980 634 2014 exhibita
653 1986 735 2021 vota,
758 1992 795 2015 ex
810 1983 929 2025 quibus
945 1984 1042 2018 divini

290 2032 404 2073 cultus,
424 2033 601 2077 praecipue
621 2033 653 2066 in
674 2034 771 2076 Urbe,
789 2043 999 2078 augmentum
1012 2044 1042 2071 et

289 2085 472 2118 animarum
492 2086 578 2119 salus
597 2087 768 2130 provenire
788 2095 970 2132 sperantur,
988 2102 1040 2134 pa-

290 2143 380 2171 terno
400 2145 634 2182 prosequentes
647 2140 765 2174 affectu
780 2169 787 2182 ‚
802 2141 862 2183 his,
876 2154 958 2186 quae
967 2155 1041 2187 pro-

289 2197 399 2234 pterea
419 2193 551 2236 provide
571 2193 655 2226 facta
681 2194 778 2228 fuisse
809 2195 974 2236 dicuntur,
1005 2203 1039 2230 ut

288 2244 382 2277 firma
401 2251 559 2289 perpetuo
579 2253 609 2280 et
619 2247 1041 2292 illibatapersistant‚liben-

290 2303 348 2337 ter,
371 2309 444 2331 cum
464 2310 482 2332 a
501 2300 594 2333 nobis
613 2301 745 2345 petitur,
762 2303 1040 2346 apostolicaecon-

289 2350 481 2385 firmationis
508 2354 610 2386 robur
644 2355 827 2397 adiicimus,
863 2362 910 2397 ut,
952 2357 1039 2391 iuxta

290 2403 390 2446 ipsius
401 2402 563 2440 Romanae
581 2407 742 2442 Ecclesiae
758 2410 1036 2453 praeeminentiam

289 2460 319 2487 et
339 2458 491 2490 creditam
513 2459 606 2492 nobis
638 2471 675 2494 ex
695 2462 758 2495 alto
786 2463 934 2497 coelestis
966 2464 1037 2497 the-

288 2509 373 2541 sauri
395 2510 676 2555 dispensationem,
701 2515 813 2550 fideles
833 2516 932 2563 ipsos,
953 2527 1035 2565 quo-

325 2597 337 2627 1
353 2596 396 2625 Ex
415 2597 516 2635 Regest
530 2599 558 2628 in
575 2601 680 2630 Secret.
694 2602 775 2636 Brev.

914 216 1095 242 BULLARIUM
1114 215 1266 242 ROMANUM

1108 278 1181 301 rum
1203 267 1315 301 merita
1344 276 1404 311 pro
1435 266 1600 302 demeritis
1626 267 1756 312 penitus
1781 269 1857 301 sunt

1108 321 1375 368 imparia-novis
1393 321 1555 354 honorum
1576 321 1677 354 titulis
1701 331 1739 354 ac
1759 319 1857 365 spiri-

1107 374 1250 408 tualibus
1270 374 1471 415 muneribus,
1492 372 1858 417 indulgentiisvidelicet

1106 433 1138 461 et
1157 433 1364 471 peccatorum
1391 426 1645 468 remissionibus,
1673 427 1714 461 ad
1738 427 1792 472 pia
1825 430 1858 460 et

1106 481 1272 515 meritoria
1291 492 1390 526 opera
1409 481 1589 514 exercenda
1612 480 1752 515 libenter
1778 479 1858 514 invi-

1104 541 1220 576 temus,
1243 541 1279 568 ut
1303 535 1455 579 denique,
1478 545 1537 579 per
1565 534 1754 568 eorumdem
1781 545 1857 579 ope·

1104 600 1176 622 rum
1197 589 1398 629 exercitium,
1421 588 1549 622 macula
1580 598 1714 622 suorum
1737 587 1856 623 aholita

1102 643 1309 684 delictorum,
1328 643 1369 676 ad
1388 642 1538 676 aeternae
1558 641 1767 676 beatitudinis
1786 641 1855 676 sine

1101 696 1166 729 fine
1197 695 1398 729 mansionem
1423 695 1560 729 feliciter
1583 695 1752 740 pervenire
1783 706 1854 730 me-

1100 754 1246 783 reantur.

1143 803 1158 846 §
1181 803 1214 836 1.
1241 803 1336 843 Sane,
1358 813 1418 847 pro
1440 807 1532 847 parte
1551 794 1745 836 dilectorum
1770 802 1853 837 filio-

1098 867 1171 889 rum
1206 857 1406 890 confratrum
1445 856 1719 890 confraternitatis
1745 856 1851 890 dictae

1097 910 1237 943 nationis
1249 910 1461 943 Bononiensis
1480 909 1513 943 in
1528 909 1692 954 praedicta
1701 910 1787 944 Urbe
1796 910 1851 955 pie

1097 963 1263 997 institutae
1283 963 1427 997 exhibita
1445 973 1551 1007 nuper
1566 963 1678 1007 petitio
1701 963 1848 998 contine-

1095 1017 1150 1050 bat
1165 1017 1265 1061 quod,
1281 1027 1355 1050 cum
1369 1017 1409 1050 de
1424 1016 1570 1061 proxime
1582 1016 1754 1060 praeterito
1763 1027 1849 1051 anno

1095 1070 1223 1103 Domini
1248 1070 1421 1104 millesimo
1440 1070 1698 1114 quingentesimo
1717 1075 1847 1115 septua-

1094 1123 1216 1167 gesimo
1249 1123 1382 1168 quinto,
1413 1135 1478 1168 quo
1507 1133 1635 1158 sacrum
1668 1124 1846 1158 iubilaeum

1094 1187 1153 1221 per
1169 1187 1228 1210 nos
1252 1177 1409 1210 indictum
1431 1177 1465 1210 in
1480 1177 1592 1211 eadem
1603 1177 1689 1211 Urbe
1700 1178 1844 1212 celebra-

1056 1265 1058 1267 ,
1092 1230 1208 1271 vimus,
1242 1230 1476 1275 quamplurimi
1505 1230 1730 1265 christifideles
1758 1231 1844 1265 eius-

1093 1283 1165 1316 dem
1186 1283 1338 1325 nationis,
1361 1283 1414 1328 pia
1433 1284 1601 1318 devotione
1620 1284 1721 1326 ducti,
1737 1285 1778 1318 ad
1787 1284 1844 1319 Dei

1092 1337 1219 1370 laudem
1241 1343 1273 1371 et
1292 1337 1486 1382 obsequium
1507 1348 1544 1371 ac
1573 1337 1744 1380 honorem,
1772 1338 1842 1372 ani-

1091 1401 1284 1434 marumque
1300 1401 1434 1424 suarum
1454 1391 1602 1432 salutem,
1616 1391 1843 1426 convenientes

1090 1443 1124 1477 in
1148 1455 1267 1485 unum,
1288 1451 1320 1478 et
1339 1445 1379 1478 de
1399 1445 1489 1478 cultu
1518 1445 1626 1478 divino
1655 1445 1840 1490 ampliando

1089 1497 1263 1531 salubriter
1282 1498 1470 1541 cogitantes,
1491 1498 1614 1543 Deique
1629 1499 1756 1533 servitio
1775 1501 1839 1533 fer-

1088 1551 1212 1585 ventius
1233 1562 1302 1585 sese
1319 1551 1506 1596 mancipare
1530 1553 1711 1596 cupientes,
1740 1564 1839 1587 unam

1088 1605 1257 1649 utriusque
1274 1616 1369 1640 sexus
1388 1605 1649 1639 christifidelium
1659 1607 1838 1641 confrater-

1087 1659 1219 1692 nitatem
1253 1659 1391 1692 nationis
1427 1658 1614 1693 huiusmodi
1643 1659 1676 1692 in
1701 1661 1837 1695 eeclesia

1087 1712 1195 1746 Sancti
1214 1713 1343 1746 Ioannis
1362 1712 1524 1758 Calybitae
1543 1713 1723 1758 nuncupati
1739 1713 1773 1747 in
1787 1714 1838 1748 In-

1086 1767 1155 1799 sula
1175 1766 1280 1800 dictae
1300 1766 1394 1800 Urbis
1409 1766 1450 1800 ad
1469 1766 1502 1799 id
1526 1777 1585 1810 per
1604 1777 1660 1800 eos
1669 1767 1836 1811 acquisita,

1086 1826 1160 1849 cum
1181 1816 1280 1849 saccis
1299 1815 1392 1857 albis,
1414 1815 1541 1859 signum
1554 1815 1659 1849 crucis
1677 1816 1711 1849 in
1720 1817 1836 1852 cucula

1085 1875 1103 1897 a
1127 1873 1218 1909 parte
1239 1864 1394 1898 anteriori
1413 1864 1621 1906 habentibus,
1647 1865 1834 1909 erigendam

1084 1920 1115 1947 et
1144 1914 1374 1948 instituendam
1395 1914 1566 1955 duxerint,
1597 1925 1634 1948 ac
1661 1925 1721 1959 pro
1746 1914 1835 1949 illius

1084 1969 1168 1996 statu
1189 1969 1220 1996 et
1238 1963 1416 1997 directione
1436 1974 1473 1997 ac
1501 1963 1660 2006 gubernio
1692 1969 1725 1998 et
1746 1964 1833 2008 regi-

1084 2012 1170 2045 mine
1190 2013 1316 2046 diversa
1334 2017 1462 2053 statuta,
1473 2012 1692 2046 ordinationes
1711 2019 1743 2047 et
1757 2024 1833 2047 con-

1083 2061 1265 2095 stitutiones
1289 2062 1515 2103 condiderint;
1545 2062 1744 2106 cupiantque
1771 2063 1833 2107 ipsi

1083 2113 1274 2150 confratres,
1307 2116 1342 2143 ut
1369 2111 1527 2154 praedicti
1547 2111 1772 2145 christifideles
1791 2112 1832 2145 ad

1081 2160 1245 2203 praedicta
1256 2159 1357 2202 magis
1371 2159 1558 2200 incitentur,
1569 2165 1721 2193 eteorum
1737 2161 1832 2194 devo-

1082 2207 1124 2240 tio
1152 2208 1254 2251 magis
1287 2213 1449 2241 accrescat
1477 2218 1542 2251 quo
1569 2209 1683 2242 exinde
1709 2209 1832 2243 maiora

1081 2256 1260 2299 spiritualia
1283 2257 1369 2290 dona
1393 2256 1529 2301 adipisci
1558 2267 1652 2301 posse
1671 2268 1830 2301 cognove-

1081 2305 1154 2346 rint,
1178 2305 1474 2339 confraternitatem
1490 2310 1520 2339 et
1546 2305 1715 2339 eeclesiam
1734 2317 1829 2350 prae-

1080 2353 1180 2386 dictas
1199 2353 1362 2397 aliquibus
1381 2354 1571 2387 muneribus
1587 2360 1618 2388 et
1636 2355 1746 2398 gratiis
1765 2355 1830 2399 spi-

1079 2401 1250 2436 ritualibus
1270 2408 1301 2436 et
1314 2403 1548 2448 temporalibus
1559 2403 1719 2437 decorari:
1728 2414 1828 2448 quare

1078 2451 1175 2484 iidem
1196 2451 1373 2485 confratres
1392 2452 1486 2486 nobis
1511 2452 1680 2486 humiliter
1702 2452 1826 2498 suppli-

1079 2501 1146 2533 cari
1166 2500 1313 2535 fecerunt
1331 2507 1368 2535 ut
1387 2501 1432 2535 eis
1451 2502 1484 2535 in
1504 2501 1687 2546 praemissis
1706 2511 1826 2547 oppor-

1078 2555 1155 2583 tune
1185 2549 1354 2593 providere
1373 2550 1414 2585 de
1431 2550 1631 2596 benignitate
1649 2551 1827 2601 apostolica

1079 2598 1296 2642 digraremur,
1339 2616 1342 2617 ⁷

1899 810 1958 834 Facu
2021 825 2029 830 υ
