2059 3228
221 224 444 270 superioribus
476 225 655 267 ceterisque
686 222 831 268 pei-samis
863 222 966 255 [lictae

221 278 477 321 congregationis
504 283 661 321 perpetuo
685 283 713 309 et
741 276 968 310 inviolabiliter

220 331 382 364 observari
392 331 625 375 praecipiendij,
638 330 967 370 monasteria‚domos

218 598 312 643 pituli
336 598 434 632 totius
461 598 597 638 Ordinis,
627 597 783 639 erigendi,
806 609 861 630 seu
890 609 966 631 con-

217 920 369 964 praesatis
385 918 612 952 demandandi.

66 1073 206 1134 fffl'm'ffiss
218 1079 296 1113 carii
319 1079 490 1122 generalis,
517 1089 614 1112 novas
639 1079 751 1112 domos
775 1084 827 1111 aut
859 1089 968 1111 mona-

61 1136 122 1169 ,ἶῑῑο
143 1139 204 1160 '⁵0⁸—
217 1133 314 1167 steria
342 1133 499 1178 recipere,
536 1133 661 1176 erigere
690 1137 745 1165 aut
777 1137 967 1165 construere

58 1171 70 1191 t?
82 1169 205 1196 ner-liste-
253 1186 260 1192 .
289 1187 295 1192 .

88 1206 147 1235 ἶ-..ι
155 1206 204 1229 ρο.-
218 1197 352 1220 minime
371 1187 522 1220 audeant.

62 1304 149 1339 „gum
169 1293 353 1337 ¹„cialibus
375 1294 524 1328 similiter
543 1300 672 1335 statuta,
694 1300 757 1327 tam
779 1295 812 1327 in
832 1303 890 1327 suo
912 1305 964 1327 ca-

63 1340 205 1406 ‘⁵¹ssi2”=ii¹{
217 1347 322 1392 pitulo
331 1348 521 1392 provinciali
535 1359 593 1392 pro
605 1353 669 1381 tota
690 1347 965 1392 provincia,quam

65 1399 130 1438 fiai·
139 1410 204 1432 eido·
218 1401 252 1435 in
271 1401 457 1436 visitatione
476 1402 676 1445 singulorum
695 1402 965 1435 monasteriorum

74 1449 94 1461 ⁵
216 1459 249 1490 et
266 1455 439 1489 domorum
458 1465 517 1499 pro
536 1455 689 1489 fratribus
703 1466 759 1488 seu
772 1455 965 1488 monialibus

216 1508 285 1542 eius
308 1509 424 1542 domus
439 1509 489 1542 vel
510 1509 707 1549 monasterii,
734 1509 870 1542 durante
895 1508 964 1553 ipso

215 1561 334 1606 prioris
357 1562 561 1606 provincialis
599 1562 704 1595 officio
744 1563 961 1602 observanda,

215 1615 393 1650 dummodo
425 1616 583 1659 generalis
609 1615 739 1659 capituli
763 1615 860 1649 totius
885 1626 963 1649 con-

213 1669 409 1713 gregationis
428 1670 552 1702 statutis
581 1680 645 1702 non
672 1675 864 1713 repugnent,
890 1680 964 1702 con-

213 1722 322 1764 dendi,
350 1734 386 1756 ac
412 1723 551 1767 denique
573 1724 610 1757 de
632 1728 750 1764 cetero,
773 1723 849 1767 ipsis
873 1723 962 1767 prio-

212 1776 302 1810 ribus
317 1777 581 1821 provincialibus,
604 1782 773 1820 postquam
792 1777 884 1810 electi
897 1777 963 1810 sue-

211 1829 276 1864 rint
301 1835 362 1864 eta
376 1830 494 1864 vicario
515 1830 658 1873 generali
675 1830 869 1870 confirmati,
897 1836 960 1863 sta-

211 1883 269 1917 tim
284 1884 389 1918 officia
413 1895 480 1923 sua,
506 1895 652 1927 quaeque
675 1884 713 1916 ad
743 1884 797 1916 illa
827 1893 962 1927 quomo-

211 1936 334 1972 dolibet
369 1937 548 1982 pertinent,
589 1937 739 1980 gerendi,
775 1937 960 1978 exercendi,

211 1991 404 2035 exequendi,
426 1991 522 2024 etiam
548 1991 655 2035 quoad
688 2002 723 2024 ea
753 1991 900 2024 universa
930 1997 961 2024 et

209 2044 349 2088 singula,
371 2055 453 2088 quae
477 2044 690 2088 provinciales
710 2044 834 2087 priores
861 2044 960 2077 totius

210 2097 340 2132 Ordinis
356 2098 512 2142 praedicti
526 2098 701 2140 mitigatam
718 2098 872 2140 Regulam
886 2107 959 2141 pro-

211 2152 337 2186 fitentes
360 2151 535 2195 respective
568 2151 602 2184 in
642 2162 717 2183 suos
746 2151 887 2183 subditos
921 2151 959 2183 dc

209 2205 298 2246 iure,
325 2205 559 2238 consuetudine
583 2205 628 2237 vel
660 2204 827 2247 privilegio
856 2204 959 2237 facere

209 2264 345 2304 possunt
363 2269 421 2292 seu
438 2258 566 2299 debent,
579 2257 757 2291 dummodo
779 2257 957 2301 primitivae

209 2312 350 2356 Regulae
370 2319 401 2345 et
424 2312 529 2345 dictae
554 2310 811 2355 congregationis
835 2311 959 2345 statutis

209 2372 275 2394 non
294 2367 488 2404 repugnent,
520 2371 556 2393 ac
582 2360 644 2393 nisi
672 2360 860 2393 eorumdem
881 2371 957 2404 pro-

208 2409 393 2444 vincialium
411 2409 558 2453 priorum
574 2410 614 2442 ab
631 2409 700 2452 ipso
719 2409 838 2442 vicario
859 2419 956 2451 gene-

210 2459 269 2493 rali
293 2459 390 2492 suerit
421 2459 557 2491 limitata
584 2464 726 2502 potestas
751 2464 781 2491 et
805 2458 890 2491 iuxta
909 2464 956 2491 te-

886 170 990 193 stxssts
1010 170 1028 193 V
1047 169 1095 193 PP-

219 390 251 419 et
270 391 445 418 conventus
471 390 532 417 tam
562 385 703 417 virorum
729 395 824 426 quam
853 375 988 416 mulie-'

219 448 291 472 rum
312 438 455 471 eiusdem
468 438 725 481 congregationis
750 438 780 470 in
802 424 988 481 quibusvis’}

219 491 312 529 locis,
335 492 503 525 cuiuslibet
528 491 655 524 licentia
676 491 814 534 desuper
835 491 966 523 minime
986 482 987 495 ³

219 545 384 588 requisita,
405 550 435 578 et
453 545 520 577 sinc
541 554 699 577 consensu
728 544 887 582 aenei-atis
917 555 967 577 ca·
985 572 987 574 .

220 651 301 685 strui
326 657 358 685 et
377 651 539 685 aedificari
565 651 716 690 faciendi,
743 656 799 683 aut
815 651 878 683 iam
893 662 966 684 eon·
984 644 986 672 'f

217 710 339 739 structa
349 705 389 738 ad
403 705 649 738 inhabitandum
671 703 861 747 recipiendi,
876 715 966 737 suas·
982 703 990 729 ὗ
1005 702 1144 736 nasteria
1171 703 1275 735 dictae
1297 703 1556 746 congregationis
1576 704 1755 737 Discaleea-

217 769 281 804 que
304 759 389 792 vices
413 767 472 803 pro
497 759 758 802 quibuscumque
785 758 880 791 rebus
906 758 966 791 sibi
983 751 987 767 ¹
1003 763 1314 800 tor1un‚eorumque
1327 763 1501 790 conventus
1522 762 1552 791 ct
1576 757 1754 798 singulares

216 812 377 846 benevisis
401 818 433 846 et
455 812 495 845 ad
520 822 614 844 suum
640 811 782 844 officium
804 812 967 855 pertinen-
1007 818 1170 853 personas
1193 810 1280 842 solus
1296 810 1506 853 perseipsum
1527 811 1752 854 personaliter,

216 865 304 900 tibus
327 865 382 899 alii
411 876 471 899 nee
495 866 565 898 aliis
590 864 741 897 fratribus
765 862 967 899 Discalceatis
982 885 987 914 3
1005 869 1036 897 et
1056 862 1230 897 associatus
1248 864 1375 896 duobus
1399 863 1494 896 sociis
1514 869 1544 897 et
1565 875 1628 897 uno
1650 865 1754 897 scriba

983 938 986 948 .
1004 927 1061 950 seu
1087 918 1272 958 secretario,
1300 918 1338 950 ab
1359 917 1428 962 ipsa
1445 919 1691 961 congregatione
1703 919 1753 951 Di-

70 999 78 1009 .
261 973 277 1017 ξ
297 973 350 1007 19.
370 974 414 1006 lta
433 979 539 1006 tamen
555 978 588 1005 ut
609 971 734 1016 priores
753 972 967 1016 provinciales
983 980 986 1021 1

153 1031 249 1071 „met
267 1026 322 1060 alii
347 1027 472 1067 fratres,
501 1026 569 1059 sine
595 1035 743 1069 expressa
767 1025 897 1058 licentia
921 1025 986 1058 vi·-

259 1241 275 1284 §
299 1240 352 1275 20.
379 1241 477 1274 Dictis
496 1251 626 1285 quoque
651 1240 814 1285 prioribus
834 1240 966 1284 provin-
984 1251 985 1254 ¹

1647 157 1711 192 875

1007 220 1198 254 auctoritato
1226 225 1257 254 et
1277 226 1388 254 tenore
1419 217 1614 264 praemissis,
1638 229 1754 254 conce-

1007 274 1112 307 dimus
1132 280 1163 307 et
1186 274 1401 319 impartimur.
1434 274 1440 292 ‘

1050 328 1065 371 g
1090 327 1142 360 ⁶21.
1166 328 1314 361 Ceterum
1343 328 1492 361 volumus
1517 331 1552 361 ut
1572 332 1636 361 tam
1661 338 1755 372 prae-

1005 381 1089 414 dicta
1110 382 1315 423 ronoregatio
1339 392 1436 425 quam
1464 381 1648 425 praedictus
1670 382 1754 415 vica-

1009 435 1077 469 rius
1095 436 1255 479 generalis
1275 436 1332 479 ipsi
1363 435 1462 479 priori
1495 435 1649 477 generali,
1686 442 1756 469 tan-

1007 499 1103 533 quam
1119 489 1290 521 unirersali
1312 494 1338 521 vt
1361 488 1522 532 superiori
1538 489 1634 534 capiti
1656 490 1755 524 totius

1006 540 1144 583 Ordinis,
1168 542 1253 575 iuxta
1267 548 1372 575 tamen
1391 543 1526 575 sormam
1541 543 1571 575 in
1585 543 1754 577 liislitteris

1006 595 1210 639 descriptam,
1233 596 1431 628 subiaceant.
1458 596 1517 635 Qui
1539 596 1629 640 prior
1655 607 1754 640 genc-

1006 649 1080 682 ralis
1100 650 1199 682 totius
1209 648 1337 682 Ordinis
1359 649 1492 693 praefati
1509 649 1622 683 domos
1634 655 1664 683 et
1684 662 1753 684 mo-

1005 971 1238 1004 scalceatorum
1259 971 1427 1014 eligendis,
1449 978 1480 1005 et
1498 971 1583 1004 iuxta
1608 971 1753 1005 eiusdem

1005 1024 1264 1067 congregationis
1277 1023 1435 1068 primitiva
1455 1030 1485 1057 ct
1505 1025 1675 1058 novissima
1690 1032 1752 1059 sta-

1005 1082 1082 1118 tuta,
1105 1088 1166 1110 nec
1190 1077 1268 1110 alias
1286 1078 1428 1118 visitare,
1455 1078 1631 1121 corrigere,
1650 1080 1754 1112 resor-

984 1130 985 1133 ’
1005 1141 1111 1171 mare,
1148 1137 1177 1164 et
1218 1131 1441 1176 delinquentes
1477 1132 1593 1175 punire
1629 1134 1750 1176 possit,

1005 1185 1100 1228 idque
1115 1185 1153 1218 de
1171 1185 1307 1218 consilio
1332 1185 1572 1228 praedictorum
1589 1186 1751 1219 sociorum

1004 1245 1032 1271 et
1054 1239 1137 1271 intra
1154 1238 1360 1279 monasteria,
1382 1239 1495 1271 domus
1521 1244 1553 1272 et
1570 1239 1640 1271 loca
1666 1239 1752 1283 ipso-

1003 1302 1075 1324 rum
1087 1291 1358 1325 Discalceatorum
1380 1292 1554 1333 dumtaxat,
1569 1298 1655 1325 extra
1669 1303 1752 1336 quae

1003 1346 1187 1378 nullatenus
1198 1345 1258 1389 ipsi
1272 1345 1458 1378 Discalceati
1471 1356 1622 1389 eorumve
1634 1346 1752 1389 aliquis

1003 1400 1041 1431 al)
1061 1399 1175 1432 eodem
1195 1399 1304 1443 priore
1331 1399 1472 1442 generali
1505 1399 1600 1432 totius
1624 1399 1751 1434 Ordinis

1002 1453 1142 1486 amoveri
1158 1453 1206 1486 vel
1221 1452 1284 1486 alio
1300 1453 1476 1493 transferri,
1494 1464 1599 1497 neque
1615 1453 1750 1497 quisque

1000 1506 1131 1539 illorum
1150 1506 1222 1539 loco
1243 1506 1361 1539 mutari
1371 1512 1425 1539 aut
1442 1507 1530 1550 poni,
1546 1517 1650 1550 neque
1665 1508 1752 1551 prio-

1000 1571 1051 1593 res
1063 1565 1117 1592 aut
1129 1560 1183 1592 alii
1201 1560 1353 1593 officiales
1363 1560 1552 1593 eorumdem
1564 1560 1746 1600 domorum,

982 1614 983 1619 ’
1001 1612 1272 1646 monasteriorum
1284 1618 1314 1646 et
1326 1614 1473 1647 locorum
1491 1614 1749 1657 congregationis

999 1666 1271 1700 Discalceatorum
1298 1677 1357 1710 pro
1382 1673 1526 1711 tempore
1556 1667 1602 1699 eis
1626 1668 1747 1711 praesi-

1000 1721 1111 1753 dentes
1136 1731 1154 1753 a
1173 1720 1239 1753 suis
1260 1721 1374 1753 officiis
1394 1721 1546 1760 amoveri,
1566 1731 1672 1764 neque
1693 1721 1747 1753 alii

1001 1784 1112 1807 eorum
1134 1775 1206 1807 loco
1237 1773 1397 1812 substitui,
1430 1774 1491 1806 nisi
1521 1774 1561 1806 ob
1581 1784 1745 1807 enormem

1000 1838 1177 1868 excessum,
1200 1827 1256 1871 qui
1283 1827 1364 1860 iuste
1383 1827 1512 1860 tolerari
1534 1827 1695 1870 nequiret,
1718 1833 1746 1859 ct

999 1886 1074 1913 tunc
1100 1881 1132 1913 in
1152 1882 1312 1914 desectum
1332 1881 1441 1913 vicarii
1465 1881 1623 1923 generalis
1648 1881 1747 1923 ipsius

1000 1935 1270 1978 congregationis,
1293 1939 1323 1967 et
1347 1934 1385 1967 de
1410 1944 1569 1967 consensu
1585 1934 1746 1967 (lictorum

998 1989 1175 2029 sociorum,
1193 1999 1252 2021 nec
1270 1988 1346 2021 alias
1366 1989 1432 2021 ullo
1450 1988 1545 2021 modo
1566 1988 1679 2021 valeat.

1042 2041 1121 2085 §⁶222
1139 2042 1351 2074 prohibemus
1368 2052 1498 2085 quoque
1510 2052 1549 2074 ne
1562 2042 1644 2074 idem
1657 2041 1747 2085 prior

999 2095 1157 2138 generalis
1177 2095 1299 2137 aliquas
1315 2096 1433 2138 gratias
1457 2095 1670 2139 particulares
1685 2095 1746 2128 sra-

999 2148 1101 2181 tribus
1130 2148 1333 2181 Discalceatis
1368 2149 1533 2186 roric-edat,
1574 2158 1652 2182 neve
1687 2160 1740 2192 pet

998 2201 1238 2245 impositionem
1256 2208 1309 2234 aut
1331 2208 1416 2234 taxas
1441 2212 1552 2234 corum
1579 2202 1693 2235 domos
1716 2213 1732 2234 e

997 2256 1193 2288 monasteria
1212 2260 1372 2298 aggravet,
1395 2265 1476 2298 quae
1497 2255 1628 2298 quidem
1645 2256 1747 2300 impo-

997 2308 1127 2341 sitiones
1147 2314 1176 2341 et
1191 2308 1415 2341 concessiones
1428 2308 1518 2340 nulla
1534 2309 1593 2341 sint
1612 2319 1649 2341 co
1666 2309 1744 2352 ipso.

997 2369 1075 2392 neve
1096 2358 1273 2402 quidquam
1285 2358 1413 2401 penitus
1425 2369 1460 2391 ex
1473 2359 1539 2402 ipsa
1553 2358 1742 2396 visitatione,

997 2414 1125 2451 praeter
1148 2407 1365 2441 necessarium
1384 2407 1546 2448 viaticum,
1565 2407 1673 2440 habita
1694 2419 1744 2442 ra-

997 2458 1085 2491 tione
1104 2457 1267 2490 tenuitatis
1294 2457 1465 2489 domorum
1487 2462 1514 2489 ct
1536 2457 1744 2490 monasterio-

210 2519 321 2542 norem
342 2508 561 2552 praesentium
573 2507 755 2540 litterarum
777 2507 954 2548 dumtaxat,
997 2518 1069 2540 rum
1094 2506 1365 2539 Discalceatorum
1386 2507 1640 2547 moderandum,
1662 2512 1689 2539 ct
1711 2507 1743 2539 in

209 2558 350 2606 plenam,
366 2557 501 2592 liberam
521 2562 551 2591 et
567 2557 746 2591 absolutam
759 2557 955 2599 facultatem,
999 2556 1110 2591 itinere
1132 2555 1199 2602 ipso
1225 2555 1415 2591 visitationis
1435 2556 1539 2591 dictae
1565 2567 1743 2601 congrega-

1769 168 1821 197 An.
1840 169 1867 196 C.
1883 170 1946 197 1537

1792 337 1851 365 Quae
1867 338 1895 358 sit
1909 344 1948 358 an-

1767 371 1855 391 ctoritas
1871 372 1947 397 pri-»ris

1767 401 1874 427 generatis
1888 400 1948 421 Ordi-

1767 433 1800 452 nis
1814 437 1877 459 supra
1893 432 1947 452 hanc

1767 464 1930 490 congregation.

1782 2063 1840 2089 Quae
1852 2068 1902 2083 vero
1911 2063 1940 2083 ei-

1756 2095 1803 2114 dem
1810 2095 1939 2114 interdican-

1759 2129 1799 2147 tur.
