2059 3228
108 238 158 266 An.
172 240 199 268 C.
215 239 280 267 1574
351 239 391 272 78

306 466 336 492 ct
361 460 568 492 instruantur.

349 514 362 552 ,ξ
385 512 430 544 lt'i.
455 511 567 545 Omnia
604 512 746 545 aedificia
777 518 948 546 conventus
971 523 1048 555 quo-

171 575 477 607 cmwamusquoversus
500 564 696 605 claudantur,
721 571 829 608 portae
854 576 916 597 non
942 576 1047 597 neces-

103 608 406 653 {¹Sffl{335233;·1‚33san-iae
430 617 644 657 obst1·uantur;
668 618 780 651 clathri
806 617 959 657 fenestris,
978 616 1047 649 ubi-

105 661 439 716 ff⁰ii.³.⁵i.¹}¹fi'.inmra'}cumque
462 681 541 714 opus
564 670 675 711 fuerit,
700 670 882 712 inligantur-3
922 670 1045 711 templa,

106 712 142 732 Μ
155 713 212 732 ‘³¹⁸⁵'
304 723 474 764 sacristiae,
498 723 643 766 capitula,
661 723 856 763 dormitoria,
871 723 1044 763 refectoria,

304 775 499 809 infirmariae
521 781 550 808 et
575 776 706 808 omnino
729 776 807 808 aliae
825 775 950 808 claustri
975 786 1045 818 par-

303 834 349 861 tes
372 828 452 862 nihil
475 828 598 871 profani
612 828 853 871 patiantur;nec
876 833 1046 861 conventus

303 881 464 919 horreum,
489 892 583 925 penu,
619 882 782 925 praesepia
822 892 879 914 nec
917 892 1062 925 prorsus.

303 934 365 966 ulla
411 933 618 976 promercalia
664 934 813 967 abbatum
832 962 840 975 ,
886 945 1044 967 commen-

301 986 514 1028 datariorum,
553 987 781 1020 conductorum
820 992 870 1020 aut
912 987 1044 1019 aliorum

302 1039 478 1082 recipiant;
518 1050 575 1073 nec
614 1040 665 1073 illa
704 1051 721 1073 a
759 1041 1044 1081 commendatariis,

304 1092 515 1134 pensionariis
561 1093 668 1126 aliisve
713 1094 750 1127 de
802 1095 937 1128 claustro
983 1105 1045 1126 non

304 1144 509 1178 existentibus
532 1151 735 1189 occupentur,
771 1147 824 1180 sed
863 1147 922 1180 illis
946 1148 1045 1181 solum

304 1198 424 1241 proprii
442 1199 620 1231 claustrales
644 1204 795 1239 utantur,
820 1205 912 1243 prout
937 1200 975 1232 ad
1000 1200 1047 1232 di-

304 1250 368 1283 vini
392 1251 486 1284 officii
526 1252 768 1285 celebrationem
807 1253 1046 1295 regularemque

304 1303 539 1338 observantiam
563 1304 689 1337 suerunt
714 1305 894 1338 constituta.

347 1356 362 1399 ἓ
386 1355 437 1388 17.
463 1355 645 1388 Mulieribus
668 1355 830 1397 omnibus,
871 1356 1050 1389 cuiuscum-

130 1431 232 1450 Munere„
245 1431 294 1451 100,
305 1419 365 1451 que
390 1408 560 1452 qualitatis,
586 1408 751 1451 dignitatis
786 1413 817 1441 et
854 1409 974 1447 aetatis,
1000 1409 1047 1440 in-

912 252 1068 276 amman*

307 302 350 334 ita
374 306 406 333 ut
432 301 590 344 quodlibet
606 301 831 334 monasterium
858 302 922 336 suis
946 314 1050 335 neces·
1080 304 1213 337 alicuius
1238 303 1360 346 probati
1386 303 1582 347 deponatur,
1618 305 1672 349 qui
1713 305 1825 338 idonee

309 354 391 387 saria
417 353 603 396 suppeditet,
644 358 673 386 et
713 353 738 386 si
767 355 868 388 nullos
892 356 1049 395 hahuerit,
1080 362 1186 389 caveat
1213 357 1287 389 illud
1312 357 1417 400 ipsum
1455 358 1692 402 quamprimum
1717 370 1825 403 repor-

309 407 360 439 alii
386 418 443 450 pro
467 417 503 439 co
527 406 657 449 eiusque
681 406 832 450 impensis
855 408 1050 451 recipiantur
1080 410 1219 443 tandum.

102 1455 294 1507 gfgjissgtssfflfn·
303 1472 429 1505 gressus
444 1462 571 1494 claustri
596 1466 627 1494 et
650 1461 783 1494 aliorum
800 1462 939 1494 locorum
956 1472 1048 1504 regu-

303 1513 429 1555 larium,
453 1513 549 1546 etiam
573 1514 699 1546 aedium
724 1514 830 1557 partis,
849 1525 929 1558 quae
942 1514 981 1546 ab
994 1515 1049 1546 ab·

305 1566 443 1608 bat-ibus,
468 1566 755 1607 commendatariis,
769 1566 930 1609 prioribus
942 1566 1049 1599 aliisve

304 1619 470 1661 ministris,
509 1619 603 1652 etiam
643 1618 767 1651 divisim
782 1645 789 1659 ‚
828 1618 1048 1661 possidentur,

305 1672 344 1705 sit
368 1672 495 1716 penitus
518 1672 714 1712 interdictus;
732 1677 762 1705 et
779 1672 804 1704 si
822 1682 910 1704 secus
933 1672 1049 1704 factum

304 1725 375 1766 erit,
400 1730 464 1758 tam
489 1724 702 1769 ingredientes
727 1734 821 1767 quam
853 1723 1049 1771 recipientes,

304 1777 639 1811 excommunicationis
662 1777 851 1810 sententiam
875 1776 1049 1815 incurrant;

306 1841 414 1863 carcer
425 1841 551 1874 quoque
575 1830 613 1863 ad
637 1830 865 1863 correctionem
879 1830 1050 1862 monacho-

305 1895 386 1925 rum,
411 1884 464 1917 ubi
489 1894 552 1917 non
576 1888 632 1925 est,
656 1883 874 1917 constituatur.

347 1938 361 1980 g
385 1936 436 1970 18.
461 1937 497 1969 Et
521 1936 554 1969 in
566 1936 714 1969 omnibus
728 1935 928 1969 monasteriis
941 1935 1049 1968 inven-

102 1990 291 2040 fflfflfflssffi
305 1990 419 2023 tarium
444 1989 585 2023 omnium
617 1989 831 2032 praefatorum
855 1999 977 2021 necnon
1002 1989 1051 2021 in-

101 2044 294 2090 ffi‘jj‘i‘gssggnjg
304 2048 552 2076 strumentorum
576 2042 806 2083 fundationum,
842 2041 1048 2082 dotationum‚

102 2095 216 2117 ‘'⁰⁰⁰‘¹¹¹¹¹·
304 2096 538 2137 auctoritatum,
578 2096 804 2138 exemplarium
842 2095 1048 2138 omniumque

304 2148 574 2181 munimentorum
616 2148 845 2188 conscribatur,
877 2154 908 2181 et
930 2148 963 2180 in
986 2148 1048 2180 sor-

303 2212 387 2233 mam
412 2202 627 2234 authenticam
651 2201 825 2244 redigatur,
856 2201 994 2244 illudque
1018 2206 1048 2234 et

302 2258 405 2286 cetera
428 2254 535 2286 onmia
559 2254 700 2297 praefata
730 2253 864 2287 fideliter
887 2264 1047 2287 asserven-

302 2311 364 2345 tur;
389 2306 489 2339 sicubi
514 2318 587 2339 vero
613 2308 755 2340 locorum
779 2307 949 2350 quicquam
974 2317 1047 2349 pro-

302 2359 481 2391 ducendum
506 2360 575 2401 erit,
600 2363 775 2405 exemplum
799 2360 839 2393 ab
878 2360 1046 2403 archetypo

303 2411 486 2444 desumatur
525 2417 555 2444 et
593 2413 836 2454 transmittatur,
877 2413 937 2446 nisi
978 2413 1046 2445 talis

302 2465 469 2507 contigerit
496 2466 672 2508 necessitas,
703 2472 736 2499 ut
760 2467 863 2509 ipsum
890 2466 1046 2508 exemplar

302 2517 540 2560 producendum
565 2518 615 2558 sit,
649 2519 732 2561 quod
771 2524 845 2551 tunc
884 2518 918 2550 in
951 2517 1044 2549 fidem

337 2602 348 2625 1
368 2599 426 2625 Hoc
440 2599 561 2626 strictius
569 2599 656 2625 vetuit
666 2599 759 2624 I'iusV
774 2599 803 2625 in
822 2598 961 2626 eiusbulla
973 2607 1045 2625 xxxv.

301 2637 486 2669 Regularium,
505 2639 570 2662 tom.
589 2645 637 2668 vn,
655 2644 717 2668 pag.
736 2636 795 2661 487.

1980 220 1988 231 .

1073 253 1093 275 iu
1111 252 1264 276 nomi-mun
1852 242 1904 269 An.
1917 244 1946 272 c.
1961 243 2006 275 157

1120 462 1135 505 ἓ
1159 462 1209 495 19.
1237 463 1290 495 Illa
1314 473 1440 506 quoque
1464 454 1654 497 monasteria
1678 465 1753 498 locis
1769 476 1824 509 pa—
1866 471 1993 494 mmm!-

1840 498 1942 518 ›nisu-ntia
1956 500 1978 519 ln
1990 500 2012 520 ln

1078 514 1216 547 tentibus
1240 515 1420 555 constituta,
1446 525 1536 558 quae,
1563 522 1691 560 propter
1708 518 1870 561 Turca-ffif³
1903 531 1944 544 Μ
1975 528 2012 546 nni

1077 578 1147 599 rum
1172 579 1225 601 seu
1249 568 1446 611 praedonum
1465 569 1511 601 vel
1524 568 1757 604 haereticorum
1777 572 1825 604 in-
1838 552 2010 601 maggae„

1075 620 1235 653 cursiones
1249 626 1322 654 tunc
1343 623 1350 639 ¹
1369 620 1485 654 servari
1501 631 1563 653 non
1575 627 1732 665 poterunt,
1747 625 1827 658 sacto

1075 671 1112 704 de
1126 672 1267 715 ipsorum
1282 675 1418 712 iuribus,
1434 674 1556 715 litteris,
1575 677 1828 720 auctoritatibus,

1075 725 1200 767 tabulis,
1226 727 1441 760 monumentis
1466 732 1563 770 atque
1587 727 1674 760 omni
1699 740 1829 772 prorsus

1076 779 1260 821 supellectili
1300 780 1532 822 mobilibusque
1574 779 1686 821 bonis,
1722 781 1828 814 locali-

1077 830 1132 863 bus
1157 837 1185 863 et
1211 832 1304 864 rebus
1329 832 1411 865 fideli
1437 832 1629 873 inventario,
1647 837 1687 874 et,
1705 834 1730 867 si
1747 845 1827 878 opus

1074 883 1143 921 crit,
1169 895 1277 917 earum
1301 884 1443 917 omnium
1484 885 1637 928 depositio
1662 886 1716 919 fiat
1732 888 1824 931 apud

1074 946 1241 977 personam
1266 937 1326 970 fide
1365 941 1395 970 et
1434 938 1634 971 facultatibus
1667 939 1826 985 idoneam,

1074 988 1117 1020 ita
1140 993 1174 1020 ut
1198 989 1278 1022 nihil
1300 990 1430 1022 omnino
1455 990 1527 1023 inde
1545 1018 1552 1031 ,
1577 990 1644 1024 sine
1668 1001 1827 1025 consensu

1074 1052 1218 1085 expresso
1242 1047 1269 1075 et
1296 1042 1422 1086 speciali
1448 1043 1598 1076 mandato
1637 1048 1826 1090 conventus,

1075 1095 1193 1127 moveri
1217 1096 1326 1135 valeat,
1352 1095 1384 1128 in
1408 1095 1550 1129 civitates
1589 1095 1743 1140 oppidave
1777 1095 1822 1129 vi-

1075 1147 1146 1179 cina
1170 1148 1411 1181 transferantur.

1118 1200 1132 1243 §
1156 1200 1207 1233 020.
1233 1200 1386 1241 Ceterum,
1426 1200 1466 1233 ad
1502 1200 1729 1234 restituendam
1753 1211 1820 1234 mo·
1890 1210 2028 1243 vam-moue·

1076 1252 1227 1285 nasticam
1253 1252 1459 1295 disciplinam,
1485 1258 1513 1286 et
1544 1252 1722 1286 restitutam
1745 1264 1820 1286 con·
1836 1237 2028 1289 ἓιῗιῗᾶεἷοιὲἶῗηη.

1075 1305 1270 1344 servandam,
1295 1305 1434 1338 Cistercii
1460 1311 1490 1339 et
1516 1306 1611 1339 ceteri
1636 1312 1740 1350 patres
1763 1307 1819 1340 ab·

1075 1358 1163 1391 bates
1186 1357 1218 1390 in
1242 1358 1378 1401 capitulo
1402 1359 1540 1401 generali
1565 1359 1749 1402 provideant
1772 1359 1819 1392 di-

1076 1410 1210 1452 ligenter
1227 1415 1261 1443 ut
1284 1421 1393 1444 omnes
1416 1411 1610 1444 visitationes
1639 1412 1768 1446 sollicite
1791 1417 1824 1446 et

1077 1463 1249 1506 prudenter
1273 1474 1308 1496 ac
1332 1475 1405 1496 cum
1429 1465 1546 1508 pietate
1577 1464 1664 1505 fiant,
1690 1465 1824 1498 salutem

1077 1516 1267 1557 animarum,
1297 1516 1459 1559 religionis
1491 1517 1601 1555 zelum,
1637 1522 1825 1559 perpetuum

1077 1569 1196 1600 cultum
1220 1567 1373 1608 divinum,
1398 1570 1584 1610 clausuram,
1609 1569 1823 1602 obedientiam

1078 1625 1108 1653 et
1131 1625 1234 1653 cetera
1257 1621 1385 1661 omnia,
1411 1633 1491 1664 quae
1526 1623 1564 1655 ad
1603 1633 1716 1663 mores,
1755 1633 1825 1656 cor-

1078 1673 1249 1705 rectionem
1272 1678 1303 1705 et
1326 1674 1546 1716 religiosorum
1571 1675 1823 1708 aedificationem

1078 1726 1247 1769 pertinent,
1271 1727 1482 1769 procurando.
1521 1727 1639 1765 Quibus
1662 1727 1695 1760 in
1719 1727 1824 1768 rebus,

1080 1779 1270 1822 ubicumque
1295 1789 1358 1811 non
1384 1785 1457 1812 sunt
1480 1790 1606 1812 mensae
1624 1779 1823 1812 conventuali

1079 1832 1229 1874 assignati
1254 1832 1406 1872 redditus,
1432 1832 1486 1875 qui
1525 1832 1585 1865 hoc
1624 1843 1703 1865 onus
1742 1832 1824 1864 serre

1079 1884 1223 1927 possint,
1263 1884 1391 1917 abbates
1431 1890 1461 1917 et
1500 1884 1761 1918 commendatarii
1788 1895 1825 1918 ac

1079 1937 1130 1969 alii
1170 1937 1361 1980 quicumque
1404 1937 1710 1970 administrationem
1732 1936 1824 1979 spiri-

1079 1990 1210 2022 tualium
1234 1994 1262 2022 et
1280 1990 1501 2033 temporalium
1514 1990 1743 2023 visitandorum
1757 2000 1826 2023 mo-

1079 2042 1288 2074 nasteriorum
1321 2042 1481 2083 habentes,
1513 2042 1688 2076 necessaria
1717 2042 1825 2076 omnia

1078 2096 1279 2136 ministrare,
1311 2107 1347 2129 ac
1377 2095 1626 2129 contributiones
1661 2101 1690 2129 et
1737 2106 1823 2130 sum-

1077 2154 1148 2192 ptus
1176 2160 1233 2193 pro
1264 2149 1409 2191 gerendis
1436 2148 1506 2181 aliis
1533 2148 1755 2181 communibus
1767 2158 1824 2181 ne-

1076 2202 1178 2245 gotiis,
1197 2202 1296 2235 dictae
1318 2201 1405 2234 Sedis
1432 2201 1618 2234 auctoritate
1647 2199 1822 2244 impositas,

1076 2266 1110 2288 ac
1134 2255 1286 2288 etiamad
1303 2253 1424 2288 brachii
1457 2254 1624 2287 saecularis
1650 2252 1822 2286 adhibitio-

1076 2319 1147 2341 nem
1171 2312 1340 2351 praestare.

1118 2361 1132 2403 g
1164 2360 1214 2392 21.
1244 2359 1423 2392 Visitatores
1450 2370 1485 2392 ac
1513 2359 1620 2392 solitos
1632 2363 1660 2392 et
1677 2367 1819 2391 necessa-
1856 2370 2025 2392 wammam

1076 2413 1137 2446 rios
1154 2413 1295 2456 ipsorum
1326 2413 1458 2445 famulos
1485 2418 1516 2445 et
1543 2412 1683 2445 iumenta
1714 2398 2027 2445 debitassmgssmdiffiiiif

1075 2465 1288 2509 hospitalitate
1312 2465 1451 2508 recipere
1476 2471 1506 2498 et
1533 2465 1650 2498 eisdem
1667 2464 1700 2496 in
1717 2464 1819 2497 omni-
1830 2458 1876 2472 ‘¹¹⁵'

1074 2518 1132 2551 bus
1159 2517 1303 2550 auxiliari
1327 2517 1456 2550 omnino
1485 2518 1628 2558 debeant,
1659 2522 1690 2550 et
1720 2517 1760 2550 ad
1787 2517 1820 2550 id

1074 2570 1169 2604 etiam
1186 2570 1328 2603 censuris
1344 2575 1375 2602 et
1391 2569 1500 2612 poenis
1527 2569 1746 2604 ecclesiasticis
1763 2580 1820 2613 per

1112 2636 1123 2659 1
1146 2632 1261 2660 Cherub.
1282 2633 1350 2667 legit
1369 2637 1422 2658 tute
1441 2633 1477 2665 (n.
1497 2631 1542 2665 rrx).
