2059 3228
296 234 380 269 4085

340 293 572 327 monasterium
593 292 720 325 Ordinis·
752 291 859 325 Sancti
879 290 999 330 Basilii,

342 348 474 390 eiusque
508 352 538 378 et
569 346 706 378 aliorum
730 343 1001 377 monasteriorum

897 242 1043 266 mmmm!
1071 240 1185 274 nomm

1129 295 1161 324 et
1186 289 1326 323 aliorum
1372 299 1509 324 onerum
1553 303 1788 336 quorumcum-

1129 353 1205 386 que,
1228 342 1303 376 198.

343 400 419 433 dicti
453 399 580 433 Ordinis
615 399 646 430 in
684 398 792 440 regnis
836 396 1196 453 Hispania-ffiLxxvnl.
1224 396 1432 430 Confirmatio
1461 397 1650 440 gratiarum,
1685 409 1790 433 exem-

343 465 414 486 rum
436 452 620 495 aggregatio
650 451 756 484 cidem
784 450 895 484 Ordini
928 461 1001 483 cum

344 506 588 550 privilegiorum
614 504 834 545 concessione,
859 504 934 537 181.
1019 510 1026 600 1

255 561 372 599 LXXII,
394 559 532 593 Absolvit
555 569 662 601 regem
686 558 902 600 Portugalliae
924 563 954 590 et
972 568 1005 590 a-

1131 450 1291 493 ptionum,
1318 450 1592 494 indulgentiarum
1616 461 1790 496 congrega-

1130 502 1226 536 tionis
1246 503 1383 536 fratrum
1402 503 1602 537 Icsuatorum
1622 503 1653 537 S.
1680 504 1791 538 Iliero·

1130 556 1230 601 nymi,
1252 556 1329 590 199.

346 613 403 646 lias
423 622 580 657 personas
599 612 767 655 deputatas
796 622 815 644 a
839 610 1025 654 quibusvis
1044 609 1173 642 LXXIX.
1196 609 1379 644 Iurisdictio
1399 609 1431 643 S.
1457 609 1494 643 R.
1517 610 1552 643 E.
1577 610 1791 644 cardinalium

345 666 490 700 censuris
519 671 548 698 et
583 665 696 709 poenis
729 665 770 697 ob
809 663 1006 697 commercia
1024 667 1026 686 ¹

345 730 419 753 cum
439 719 607 753 Saracenis
625 729 662 751 ac
682 717 867 751 infidelibus
880 716 1002 757 habita,

346 779 377 806 et
397 783 520 806 merces
547 772 586 804 ad
611 782 666 805 eos
698 771 830 811 delatas3
853 781 890 803 ac
918 769 946 803 ei
976 775 1007 802 et

345 825 586 859 successoribus
601 825 679 865 suis,
691 824 872 857 innovando
883 823 1007 856 indulta

345 890 444 923 super
463 880 525 912 hoc
541 890 558 911 a
573 879 720 918 Martino,
741 876 885 920 Eugenio
898 882 927 909 et
948 875 1006 909 Ca—

346 933 422 966 lixto
460 942 623 972 concessa,
659 931 823 964 facultates
853 929 1008 972 elargitur

347 986 512 1020 licentiam
534 985 732 1019 concedendi
752 983 889 1017 subditis
908 983 940 1015 in
958 983 1007 1015 su-

347 1046 458 1074 turum
479 1050 553 1073 cum
573 1039 694 1072 eisdem
715 1037 899 1071 infidelibus
919 1047 1008 1070 com-

347 1095 506 1128 mercium
527 1093 679 1133 habendi,
700 1092 777 1126 185.

261 1147 391 1181 LXXIII.
418 1147 559 1190 Erigitur
588 1147 620 1179 in
648 1145 732 1179 Urbe
756 1144 931 1188 collegium
956 1155 1009 1177 ec-

350 1200 564 1234 clesiasticum
576 1200 821 1235 Adolescentum
833 1198 1011 1243 Neophyto-

351 1265 436 1295 rum,
456 1253 530 1287 ¹188.

264 1308 390 1343 LXXIV.
421 1307 536 1341 Clerici
562 1307 727 1350 regulares
755 1305 1012 1349 congregationis

351 1361 461 1396 Sancti
486 1361 575 1394 Pauli
596 1359 761 1399 Decollati,
774 1360 895 1402 absque
914 1358 1014 1391 licen-

352 1415 396 1449 tia
415 1415 486 1449 eius
513 1404 691 1458 praepositi
714 1412 884 1456 generalis,
915 1412 955 1447 ad
978 1422 1012 1444 a·

354 1467 433 1501 lium
465 1476 705 1510 quemcumque
724 1464 887 1505 Ordinem,
920 1475 1013 1508 prae-

354 1527 404 1555 ter
445 1519 687 1560 Cartusianum‚
723 1518 861 1551 transire
891 1489 1037 1604 neque-l

355 1580 426 1615 unt,
453 1573 528 1607 191.

270 1627 382 1661 LXXV.
404 1626 583 1660 Prohibitio
609 1632 654 1659 sat
675 1631 819 1659 exterum
849 1625 1015 1659 mercandi

357 1681 389 1714 in
406 1680 486 1714 locis
505 1680 594 1713 Sedis
613 1679 814 1723 Apostolicae
833 1678 971 1712 mediate
987 1684 1017 1712 et
1034 1607 1039 1710 i

359 1733 545 1767 immediate
564 1733 730 1771 subiectis,
752 1731 827 1765 193.

402 1787 558 1830 Sequitur
576 1785 718 1819 extensio
729 1785 933 1830 paecedentis
944 1795 1019 1818 con-

360 1839 546 1880 stitutionis,
568 1840 644 1873 194.

273 1894 400 1928 LXXVI.
422 1893 599 1927 Prohibitio
619 1893 804 1926 extrahendi
818 1892 942 1926 delocis
953 1892 1021 1926 Sta-

361 1954 413 1981 tus
437 1946 651 1981 Ecclesiastici
673 1946 827 1986 triticum,
846 1947 1018 1987 hordeum,

362 2000 540 2043 legumina,
561 1999 714 2033 animalia
740 2005 770 2032 et
799 1999 902 2037 omnis
927 2010 1023 2043 gene-

363 2054 408 2087 ris
427 2053 535 2097 fruges
555 2059 586 2086 et
604 2053 775 2094 frumenta,
797 2053 892 2087 etiam
913 2065 949 2086 ex
964 2054 1022 2087 bo-

364 2108 414 2141 nis
434 2107 659 2140 ecclesiasticis
679 2107 833 2147 collecta;
854 2107 904 2140 vel
924 2107 1023 2152 impe-

365 2159 474 2193 diendi
494 2160 549 2193 illa
567 2160 737 2193 asserentes
756 2160 794 2195 ad
815 2159 953 2200 Urbem,
971 2165 1025 2193 aut

367 2225 404 2246 ea
436 2213 576 2253 emendi,
620 2218 847 2256 praeterquam
876 2224 935 2257 pro
964 2224 1024 2246 usu

367 2282 427 2304 suo
438 2281 637 2314 suarumque
652 2270 848 2304 familiarum
859 2271 957 2304 unius
971 2282 1026 2305 an-

367 2329 429 2369 nis;
452 2338 577 2362 necnon
598 2328 759 2362 revocatio
779 2328 981 2362 licentiarum
997 2335 1028 2363 et

367 2386 568 2427 indultorum
577 2385 778 2425 extrahendi,
787 2386 881 2419 etiam
889 2397 925 2420 ex
933 2397 1027 2420 causa

369 2455 506 2481 onerosa
529 2455 771 2486 concessorum,
791 2444 867 2478 195.

283 2500 422 2534 Lxxtlt.
445 2502 609 2546 Exemptio
634 2501 811 2545 Religionis
834 2502 1028 2536 clericorum

374 2561 569 2597 regularium
597 2560 763 2594 Societatis
793 2561 864 2594 Iesu
897 2571 914 2593 a
944 2560 1030 2595 solu-

376 2617 461 2650 tione
503 2626 533 2651 et
571 2618 787 2662 praestatione
828 2617 1028 2652 decimarum

1131 668 1355 707 protectorum
1388 669 1419 697 et
1449 663 1594 697 iudicum
1619 674 1791 697 causarum

1131 717 1252 750 Domus
1271 716 1346 750 Piae
1371 717 1410 752 ad
1430 717 1631 761 recipiendas
1648 722 1678 750 et
1693 717 1747 761 pie
1762 728 1794 750 a-

1133 770 1245 804 lendas
1265 770 1417 804 mulieres
1451 769 1649 814 peccatrices
1678 769 1793 814 poeni-

1135 829 1249 865 tentes,
1271 823 1305 857 in
1328 823 1413 858 Urbe
1430 823 1609 864 institutae,
1631 823 1707 857 90⁶3.

1046 878 1162 911 LXXX.
1184 877 1393 911 Confirmatio
1414 876 1656 921 privilegiorum
1681 882 1713 910 et
1731 877 1793 910 im-

1134 931 1328 964 munitatum
1357 930 1493 964 fratrum
1524 929 1652 964 Ordinis
1679 930 1794 964 Servo-

1134 995 1207 1018 rum
1227 984 1342 1018 Beatae
1367 983 1485 1018 Mariae
1507 983 1658 1027 Virginis,
1678 994 1716 1017 ac
1741 993 1794 1017 re-

1134 1037 1286 1071 validatio
1305 1037 1451 1071 omnium
1463 1036 1738 1081 indulgentiarum
1750 1036 1796 1070 ei-

1135 1091 1209 1126 dem
1222 1091 1331 1125 Ordini
1351 1096 1383 1124 et
1401 1091 1471 1124 eius
1490 1090 1635 1124 eeclesiis
1653 1101 1672 1123 a
1691 1089 1796 1123 diver-

1136 1144 1179 1178 sis
1197 1144 1408 1178 Pontificibus
1427 1153 1666 1184 concessarum,
1694 1142 1771 1177 ⁶205.

1049 1198 1179 1232 LXXXI.
1193 1197 1356 1231 Institutio
1367 1197 1494 1240 collegii
1508 1196 1635 1240 Anglici
1648 1196 1680 1229 in
1696 1195 1794 1236 Urbe,

1138 1261 1197 1295 pro
1217 1249 1418 1284 scholaribus
1431 1249 1571 1283 nationis
1581 1249 1733 1292 Anglicae
1741 1247 1796 1293 pie

1138 1304 1182 1338 ibi
1207 1303 1382 1338 educandis
1411 1308 1444 1336 et
1473 1302 1684 1343 instruendis,
1720 1312 1796 1335 cum

1138 1367 1323 1391 annuorum
1362 1355 1525 1391 redituum
1569 1355 1795 1398 assignatione,

1139 1410 1446 1456 exemptionumque
1461 1415 1493 1443 et
1511 1409 1711 1442 indultorum
1722 1418 1800 1442 con-

1140 1465 1295 1505 cessione,
1310 1468 1341 1497 et
1360 1468 1489 1497 sanctae
1507 1462 1671 1497 Romanae
1689 1461 1800 1495 Eccle-

1141 1518 1205 1552 siae
1225 1517 1400 1551 cardinalis
1418 1515 1611 1561 protectoris
1630 1520 1662 1548 et
1680 1513 1800 1548 iudicis

1141 1571 1174 1604 in
1189 1570 1419 1614 cognoscendis
1432 1580 1543 1604 eorum
1559 1567 1800 1603 causisiurisdi-

1143 1625 1260 1664 ctione,
1283 1623 1360 1658 ⁶208.

1056 1679 1198 1712 LXXXII.
1221 1676 1430 1715 Confirmatio
1440 1675 1620 1710 litterarum
1639 1673 1687 1708 Pii
1699 1674 1737 1708 lv
1751 1684 1803 1707 su-

1144 1742 1203 1775 per
1221 1730 1381 1764 solutione
1397 1728 1640 1774 impositionum
1661 1737 1803 1761 camera-

1144 1785 1238 1825 lium,
1251 1788 1282 1817 et
1299 1783 1460 1817 revocatio
1480 1791 1760 1826 quarumcumque
1770 1790 1804 1813 e-

1145 1838 1381 1882 xemptionum‚
1398 1847 1464 1870 non
1483 1842 1590 1869 tamen
1609 1845 1647 1868 ex
1663 1843 1805 1868 causan-

1148 1902 1283 1931 nerosa;
1301 1901 1338 1924 ac
1352 1888 1512 1938 ordinatio
1531 1888 1619 1932 quod
1636 1892 1701 1920 tam
1721 1887 1806 1920 cives

1149 1951 1180 1978 et
1209 1944 1372 1979 domicelli
1393 1954 1430 1976 ac
1458 1942 1632 1975 familiares
1656 1939 1806 1975 cardina-

1148 1999 1229 2031 lium
1260 1997 1310 2030 vel
1337 1995 1529 2030 thesaurarii
1556 1993 1691 2028 civitatis
1718 1992 1807 2026 Assi-

1150 2050 1263 2084 siensis
1283 2058 1320 2083 ac
1340 2049 1510 2085 comitatus
1529 2053 1561 2081 et
1580 2046 1755 2087 districtus,
1776 2050 1808 2079 et

1150 2113 1309 2148 personae
1328 2101 1564 2136 ecclesiastieae
1583 2105 1648 2133 tam
1666 2098 1809 2133 saecula-

1151 2168 1201 2190 res
1216 2167 1313 2200 quam
1328 2153 1610 2198 regulares,etiam
1630 2157 1807 2196 exemptae,

1151 2214 1323 2245 teneantur
1341 2208 1381 2241 ad
1401 2206 1673 2244 contribuendum
1684 2211 1748 2238 tam
1759 2214 1811 2237 ca-

1154 2263 1330 2299 meralibus
1348 2271 1446 2305 quam
1467 2260 1539 2296 aliis
1557 2269 1618 2304 pro
1638 2257 1811 2291 necessita·

1153 2317 1241 2350 tibus
1264 2315 1454 2360 urgentibus
1472 2312 1575 2347 dictae
1595 2309 1811 2345 communita-

1154 2371 1194 2403 tis
1214 2369 1372 2414 impositis
1387 2374 1417 2402 et
1437 2365 1641 2411 imponendis
1660 2363 1813 2398 oneribus

1154 2430 1214 2464 pro
1242 2419 1335 2453 bonis
1364 2418 1404 2451 de
1433 2417 1552 2461 quibus
1579 2415 1720 2451 decimas
1747 2423 1814 2446 non

1155 2468 1292 2508 solvunt,
1321 2477 1396 2500 cum
1422 2464 1629 2509 derogatione
1655 2472 1814 2506 quorum-

1157 2527 1298 2560 cumque
1334 2514 1591 2560 privilegiorum·
1611 2513 1708 2547 etiam
1743 2509 1814 2544 offi-

1158 2566 1295 2600 cialibus
1313 2565 1476 2599 Romanae
1503 2562 1618 2597 Curiae
1645 2568 1814 2596 concesso-

1158 2625 1244 2650 rum.
1265 2613 1341 2648 2⁴14.
