2059 3228
121 219 304 249 An.c.1535

150 657 249 677 Caii-until
258 655 305 675 Six—

169 1566 315 1591 erquutnres

149 1599 167 1617 1ιέ
187 1598 250 1616 qut-wi:
263 1598 316 1617 litte-

134 1635 202 1649 ratum
218 1630 316 1655 deputat;

173 2201 259 2227 nerognt
276 2208 327 2221 ποιι·

147 2235 225 2253 trariis.

363 212 427 248 604

319 274 482 312 sionibus,
523 270 655 303 indultis
698 279 735 302 ac
780 267 1067 302 constitutionibus

319 325 501 371 praedictis,
535 334 594 367 pro
625 321 761 355 firmiori
796 321 927 354 illorum
962 320 1066 354 subsi-

319 378 444 414 stentia,
472 378 572 409 robur
596 375 792 420 apostolieae
812 373 1068 408 confirmationis

319 433 471 471 adiicere,
493 430 635 473 aliasque
650 429 740 462 vohis
759 428 792 460 in
812 427 996 472 praemissis
1009 437 1067 470 op-

320 489 457 529 portune
477 483 645 527 providere
666 483 705 516 de
726 481 923 525 benignitate
943 480 1069 525 ap'osto-

322 538 432 571 stolica
453 537 672 578 dignaremur.
711 547 717 552 ’

364 592 378 634 ξ,
403 591 433 623 4.
461 590 523 623 Nos
544 589 655 632 igitur,
677 589 732 632 qui
753 587 1068 631 omnium‚praeser-

321 646 376 678 tim
397 644 600 677 subditorum
626 649 826 682 nostrorum,
860 641 1014 675 utilitates
1040 646 1070 673 et

321 697 492 731 commoda
512 697 639 730 sincero
651 696 871 729 desideramus
882 694 1010 734 affectu,
1021 694 1070 726 lit-

320 757 463 783 terarum
480 750 683 792 singulorum
699 748 985 793 praedecessorum
998 758 1071 780 nec-

321 814 386 837 non
422 802 690 836 constitutionum
726 800 913 835 huiusmodi
943 805 1072 834 tenores

321 856 544 901 praesentibus
565 866 624 899 pro
639 856 837 888 sufficienter
846 853 1003 898 expressis
1014 854 1072 886 ha-

321 911 444 949 bentes,
462 909 576 943 vestris
595 909 626 941 in
641 910 702 942 hac
721 914 812 952 parte
825 907 1072 952 supplicationi-

322 965 382 997 bus
408 963 563 1003 inclinati,
595 963 716 996 litteras
743 962 948 1004 singulorum
977 972 1073 1005 prae-

883 209 887 221 ²
908 213 1089 239 BULLAmtJM
1113 213 1265 238 Romnum

1107 264 1284 310 quibusvis,
1293 264 1388 298 etiam
1399 265 1672 308 derogatoriarum
1686 265 1856 309 derogato-

1108 318 1164 352 riis
1196 318 1332 362 aliisque
1363 318 1608 359 efficacioribus,
1628 319 1857 353 efficacissimis

1109 377 1139 406 et
1168 372 1317 412 insolitis,
1335 371 1488 406 clausulis
1506 399 1513 412 ,
1536 371 1802 416 irritantibusque
1826 377 1858 404 et

1110 425 1179 458 aliis
1199 425 1349 466 decretis,
1372 425 1467 458 etiam
1488 424 1611 460 iteratis
1635 424 1760 458 vicibus
1780 435 1857 459 con·

1110 478 1221 519 cessis,
1244 474 1506 512 confirmatiset
1533 478 1709 519 innovatis;
1740 479 1860 522 quihus

1110 532 1272 573 omnibus,
1295 531 1430 571 etiamsi,
1450 542 1509 575 pro
1529 532 1659 564 illorum
1689 530 1860 564 sufficienti

1110 585 1331 628 derogatione,
1347 585 1386 618 de
1406 585 1469 618 illis
1489 584 1756 628 eorumque-totis
1773 589 1862 618 teno-

1111 639 1201 672 ribus
1224 638 1386 683 specialis‚
1407 638 1570 682 specifica,
1587 638 1752 672 individua
1765 643 1797 671 et
1807 649 1862 672 ex-

1111 703 1234 736 pressa,
1256 703 1322 725 non
1341 697 1450 725 autem
1470 702 1530 735 per
1548 692 1710 725 clausulas
1729 702 1862 735 genera-

1112 747 1157 779 les
1173 745 1257 778 idem
1278 745 1500 788 importantes,
1519 745 1639 778 mentio
1659 756 1715 779 seu
1734 744 1863 789 quaevis

1112 800 1174 832 alia
1201 799 1364 843 expressio
1396 799 1564 840 habenda,
1595 804 1652 832 aut
1671 799 1779 844 aliqua
1801 799 1864 834 alia

1113 853 1271 896 exquisita
1300 852 1404 885 forma
1429 852 1470 885 ad
1498 853 1561 886 hoc
1588 853 1742 886 servanda
1768 853 1861 895 foret,

1115 907 1311 949 illorumque
1330 911 1471 947 tenores,
1491 916 1528 939 ac
1543 906 1569 939 si
1580 907 1620 940 de
1630 906 1726 940 verbo
1741 907 1781 940 ad
1795 917 1864 940 ver-

1113 960 1192 993 bum
1208 960 1430 994 insererentur
1448 959 1684 1004 praesentibus,
1705 971 1764 1005 pro
1773 961 1863 994 suffi-

322 1019 529 1051 decessorum
551 1016 739 1049 eorumdem
756 1042 763 1055 ,
796 1025 923 1048 necnon
947 1014 1075 1058 privile·
1091 1014 1098 1071 l
1114 1014 1238 1048 cienter
1261 1014 1421 1058 expressis
1439 1013 1607 1054 habentes,
1637 1013 1700 1047 illis
1727 1014 1864 1048 alias·in

322 1071 385 1115 gia,
421 1070 654 1109 immunitates,
686 1069 918 1112 exemptiones,
946 1068 1075 1102 liberta·
1092 1075 1095 1081 '
1114 1078 1173 1101 suo
1193 1068 1310 1101 robore
1327 1067 1562 1112 permansuris,
1584 1067 1645 1101 hac
1658 1067 1723 1102 rice
1735 1069 1864 1113 dumtass

324 1131 369 1158 tes
384 1152 391 1165 ,
413 1124 631 1167 indulgentias
644 1151 651 1164 ,
679 1122 905 1156 concessiones
917 1148 925 1162 ‚
952 1122 1076 1155 indulta

324 1183 355 1212 et
387 1178 633 1211 constitutiones
673 1176 860 1209 huiusmodi
899 1176 1076 1219 apostolica

325 1232 516 1265 auctoritate
529 1231 704 1275 praedicta,
720 1235 831 1262 tenore
844 1229 1075 1273 praesentium,

326 1285 557 1319 confirmamus
568 1290 596 1317 et
617 1284 848 1327 approbamus,
861 1283 990 1326 illisque
1003 1293 1076 1326 per-

325 1346 441 1383 petua}
459 1344 487 1371 et
508 1337 701 1370 inviolabilis
714 1336 875 1369 firmitatis
886 1336 988 1369 robur
997 1336 1078 1369 adii-

327 1394 443 1432 cimu÷‚
466 1392 623 1434 robisque
649 1391 686 1424 de
707 1401 790 1423 novo
811 1390 1021 1424 concedimus
1048 1396 1080 1424 et

328 1446 547 1487 indulgemus.

373 1501 387 1544 ξ
413 1500 443 1533 5.
471 1499 628 1538 Quocirca
639 1509 697 1542 pro
709 1503 856 1543 tempore
874 1498 1082 1533 existentibus

329 1554 473 1588 eiusd··m
503 1552 691 1596 provinciae
718 1553 824 1595 legato
852 1557 883 1585 et
901 1552 1081 1597 -vicelegato

329 1619 365 1641 ac
386 1606 597 1650 gubernatori
615 1616 673 1650 per
697 1610 883 1649 praesentes
906 1606 1082 1640 committi-

331 1673 403 1694 mus
432 1667 463 1694 et
495 1660 687 1693 mandamus
719 1665 881 1703 quatenus
913 1659 1014 1701 vobis,
1050 1660 1083 1693 in

332 1714 517 1759 praemissis
526 1714 564 1746 de
577 1718 780 1757 opportunae
788 1712 984 1746 defensionis
994 1724 1085 1757 prae-

332 1769 414 1802 sidio
438 1768 634 1807 assistentes,
655 1778 710 1799 vos
734 1766 849 1799 litteris
868 1776 994 1800 necnon
1021 1767 1086 1811 pri-

333 1822 468 1865 xilegiis,
502 1810 771 1859 immunitatibus,
803 1819 1083 1864 exemptionibus,

333 1875 549 1914 libertatibus,
571 1873 792 1917 indulgentiis,
807 1873 1084 1915 concessionibus,

335 1929 468 1962 indultis
488 1934 518 1961 et
538 1927 821 1961 constitutionibus
835 1927 971 1971 aliisque
992 1939 1086 1972 prae-

337 1982 453 2022 missis,
472 1982 568 2015 iuxta
579 1981 766 2014 earumdem
776 1981 997 2025 praesentium
1009 1992 1086 2014 eon-

337 2035 505 2067 tinentiam
526 2040 557 2068 et
573 2040 731 2075 tenorem,
753 2034 889 2078 pacifice
910 2034 1043 2076 srui‚uti
1057 2040 1089 2068 et

340 2089 480 2131 gaulere
495 2089 612 2121 saciant
631 2099 667 2121 ac
687 2087 887 2132 permittant.

383 2143 397 2182 ,Ξ
421 2141 451 2174 6.
479 2143 548 2174 Non
560 2142 759 2175 obstantibus
769 2141 953 2185 praemissis
968 2153 1005 2176 ac
1015 2153 1091 2175 con-

341 2195 565 2228 stitutionibus
580 2195 877 2229 etordinationibus
892 2196 1088 2240 apostolicis;

342 2259 468 2281 necnon
490 2249 673 2292 provinciae
694 2255 724 2282 et
749 2249 876 2292 collegii
905 2249 1091 2293 praedicto-

344 2312 428 2339 rum,
442 2303 537 2335 etiam
554 2303 748 2340 iuramento,
759 2303 1006 2336 confirmatione
1016 2314 1092 2348 apo-

345 2356 455 2387 stoliea
476 2357 523 2388 vel
542 2356 651 2399 quavis
671 2357 822 2390 firmitate
841 2357 904 2390 alia
922 2357 1091 2398 roboratis,

345 2406 468 2436 statutis
481 2411 507 2437 ct
522 2406 1004 2450 consuetudinibus,privilegiis
1014 2418 1094 2451 quo—

345 2462 420 2493 que,
440 2453 571 2486 indultis
591 2461 617 2486 et
642 2455 755 2488 litteris
779 2455 963 2499 apostolicis
987 2456 1092 2500 legato

347 2506 376 2531 et
407 2501 578 2541 vicelegato
607 2504 884 2541 :lc-eubernatori
904 2505 1089 2549 praedictis,

348 2558 472 2581 necnon
491 2552 654 2593 quibusvis
675 2553 744 2585 aliis
765 2554 924 2596 personis,
947 2554 1006 2587 sub
1019 2554 1093 2598 qui-

349 2597 548 2641 buscunuluc
574 2600 740 2634 tenoribus
765 2607 796 2634 et
821 2602 943 2644 formis,
963 2613 999 2636 ac
1020 2613 1094 2637 cum

1114 1127 1178 1163 xat,
1201 1121 1240 1154 ad
1256 1122 1407 1155 effectum
1427 1122 1659 1166 praesentium,
1681 1122 1865 1166 specialiter

1116 1180 1147 1208 et
1166 1186 1313 1219 expresse
1333 1176 1537 1218 derogamus
1559 1176 1800 1210 acsufficienter
1811 1170 1880 1210 de-'

1116 1234 1265 1272 rogatum
1285 1239 1353 1263 esse
1369 1229 1586 1271 decernimus,
1603 1230 1782 1276 ceterisque
1793 1241 1864 1264 con·

1119 1282 1225 1315 trariis
1248 1282 1519 1326 quibuscumque.

1161 1336 1277 1370 Datum
1293 1336 1413 1370 Romae
1432 1337 1518 1381 apud
1543 1337 1695 1371 Sanctum
1715 1338 1866 1378 Marcum,

1120 1390 1179 1423 sub
1212 1391 1335 1425 annulo
1363 1391 1553 1432 piscatoris,
1585 1391 1636 1425 die
1670 1402 1694 1425 11
1726 1391 1868 1426 octobris

1120 1454 1277 1486 nnnnxv,
1293 1444 1500 1489 pontificatus
1519 1445 1619 1479 nostri
1644 1456 1728 1479 anno
1747 1456 1768 1479 1.

1201 1501 1265 1533 Dat.
1278 1503 1326 1533 die
1340 1504 1358 1534 2
1378 1507 1437 1534 oct.
1454 1504 1541 1540 1585,
1555 1504 1663 1543 pontis.
1677 1513 1762 1535 anno'
1772 1513 1792 1535 1.
1825 1546 1834 1557 ·

1457 1666 1533 1701 XVI.

1126 1737 1339 1787 Confifmatio
1350 1744 1535 1777 litterarum
1547 1745 1746 1779 diversorum
1756 1746 1873 1779 Roma-

1168 1809 1286 1831 norum
1317 1798 1516 1841 Pontificum
1540 1809 1636 1842 super
1673 1799 1752 1833 bono
1787 1801 1873 1843 reqi-

1169 1852 1258 1885 mine
1280 1852 1422 1886 civitatis
1437 1853 1677 1894 Ancmzitanae,
1699 1858 1730 1887 et
1748 1864 1873 1888 conser-

1168 1906 1299 1939 vatione
1319 1907 1568 1940 immunitatum
1577 1919 1614 1941 ac
1631 1908 1876 1952 privileyiorum

1165 1960 1306 1993 eiusdem
1324 1961 1468 1994 civitatis
1487 1959 1514 1994 1.

1183 2041 1297 2070 Dilectis
1323 2041 1390 2070 filiis
1417 2041 1539 2071 antianis
1565 2049 1597 2071 ac
1624 2043 1820 2072 communitati

1151 2096 1180 2124 et
1205 2095 1360 2124 hominibus
1385 2096 1515 2126 civitatis
1539 2098 1652 2126 nostrae
1675 2097 1857 2127 Anconitanae

1388 2151 1485 2179 Sixtus
1503 2151 1573 2187 Papa
1588 2151 1619 2179 V.

1162 2203 1258 2233 nilecti
1279 2203 1341 2238 titii,
1361 2205 1482 2234 salutem
1505 2207 1536 2234 et
1557 2212 1602 2241 ap.
1616 2204 1833 2235 benedictionem

1175 2275 1292 2310 Meritis
1310 2281 1432 2310 vestrae
1451 2276 1641 2317 devotionis,
1668 2287 1734 2320 qua
1762 2287 1822 2311 nos
1849 2280 1880 2310 et

1131 2330 1309 2363 Romanam
1334 2330 1524 2364 reveremini
1535 2330 1724 2371 Ecclesiam,
1745 2330 1879 2364 adduci-

1133 2395 1208 2416 mur
1226 2389 1262 2417 ut
1289 2384 1370 2417 vetis
1388 2395 1425 2418 ac-
1445 2384 1613 2418 desideriis
1632 2384 1759 2424 vestris,
1784 2394 1880 2428 prae-

1135 2438 1244 2471 sertim
1264 2437 1304 2470 ad
1319 2437 1527 2481 antiquorum
1538 2437 1659 2471 iurium
1674 2443 1881 2471 statutorum-

1135 2502 1198 2535 que
1216 2497 1396 2524 vestrorum
1415 2502 1453 2525 ac
1465 2491 1710 2525 concessionum
1729 2491 1881 2535 apostoli-

1136 2555 1247 2578 carum
1263 2545 1538 2579 conservationem
1562 2550 1594 2579 et
1612 2544 1879 2590 approbationem

1175 2613 1186 2640 1
1204 2612 1248 2640 Ex
1262 2612 1373 2648 Regest.
1388 2613 1418 2640 in
1431 2612 1538 2641 Secret.
1555 2613 1636 2641 Brev.
