2059 3228
48 1326 57 1356 ᾗ
69 1329 113 1356 pue
126 1328 154 1352 do

41 1358 51 1364 ⁶
84 1358 146 1386 Ἕως,

82 1391 154 1412 nadi-

44 1424 71 1443 fl
88 1426 154 1443 exee-

39 1452 64 1478 ei
74 1452 154 1474 enei:-

781 260 957 286 crisconius
975 260 1030 285 xm
1050 261 1097 285 ΓΡ.

174 325 314 352 cessores
335 318 462 347 nostros
497 318 527 347 et
560 313 674 347 Sedem
708 310 918 359 praedictam,

174 376 264 404 motu
283 368 416 414 proprio
437 373 464 400 et
487 378 523 400 ex
549 373 635 400 certa
659 366 792 400 scientia
825 378 861 401 ac
884 378 918 400 a-

172 422 230 457 lias
260 420 502 466 quomodolibet
540 420 711 461 concessis,
733 421 920 465 approbatis

173 481 203 511 et
221 475 388 509 innovativ.
413 474 535 513 Quibus
551 474 714 515 omnibus,
737 474 860 507 etiamsi
881 475 919 508 de

172 529 236 563 iltis
255 539 432 572 eorumque
454 527 528 560 totis
558 527 724 560 tenoribus
756 527 916 572 specialis,

171 582 334 628 specifica,
369 591 516 625 expressa
547 585 578 613 et
611 581 774 613 individua
808 591 844 613 ac
881 581 919 614 de

158 636 268 670 'verbo
287 636 327 669 ad
347 635 492 675 verbum,
514 644 578 667 non
595 638 701 666 autem
720 644 776 677 per
796 634 920 667 clausu-

173 690 217 724 las
235 688 401 733 generales
434 688 519 721 idem
547 687 771 730 importantes,
798 687 918 721 mentio

170 753 228 777 seu
248 741 379 786 quaevis
403 742 466 774 alia
486 741 648 785 expressio
671 740 831 781 habenda,
865 746 919 773 aut

169 796 277 839 aliqua
308 795 370 829 alia
397 793 553 838 exquisita
572 793 675 827 forma
695 794 733 826 ad
753 794 816 827 hoc
850 805 918 827 ser-

169 849 271 883 vanda
289 853 382 890 esset,
405 853 533 882 tenores
553 847 753 888 huiusmodi,
776 858 813 881 ac
833 848 857 880 si
879 848 918 881 de

169 902 266 936 verbo
286 903 326 936 ad
346 902 491 941 verbum,
522 901 603 934 nihil
632 901 761 945 penitus
785 901 915 941 omisso,

169 961 201 990 et
223 956 328 990 forma
347 956 379 989 in
398 956 462 989 illis
477 955 592 988 tradita
613 955 791 995 observata,
807 954 918 988 inserti

169 1009 285 1050 forent,
307 1008 528 1053 praesentibus
552 1019 611 1053 pro
646 1008 845 1042 sufficienter
864 1020 918 1042 ex-

166 1062 287 1107 pressis
305 1062 470 1101 habentes,
493 1061 556 1095 illis
575 1061 654 1095 alias
670 1061 701 1094 in
722 1072 780 1094 suo
800 1062 917 1095 robore

167 1115 398 1161 permansuris,
417 1115 479 1149 hac
502 1115 572 1149 vice
592 1115 767 1157 dumtaxat,
793 1115 916 1159 specia-

167 1168 241 1203 liter
267 1174 299 1202 et
324 1180 472 1213 expresse
510 1169 715 1213 derogamus,
738 1169 917 1213 ceterisque

167 1222 338 1256 contrariis
356 1222 628 1267 quibuscumque.

210 1276 226 1319 ξ
245 1275 276 1308 5.
296 1275 450 1308 Volumus
469 1281 578 1309 autem
598 1275 685 1334 quod
705 1275 760 1308 ubi
780 1276 914 1317 fructus,

167 1327 312 1362 redditus
345 1333 580 1371 etproventus‚
597 1328 687 1370 iura,
709 1328 917 1362 obventiones

167 1386 200 1415 et
218 1381 438 1424 emolumenta
464 1391 501 1414 ac
524 1367 766 1416 distributiones
791 1381 916 1426 aliquo-

167 1445 241 1468 rum
280 1445 317 1468 ex
360 1434 602 1469 canonicatibus
644 1441 676 1468 et
722 1436 917 1480 praebendis

167 1487 273 1533 primo
292 1488 450 1522 vacaturis
479 1488 653 1532 praedictis
686 1489 724 1521 ad
760 1489 917 1523 ducentos

168 1541 329 1576 cruciatos
364 1547 513 1575 monetae
542 1542 918 1585 Port11‹1alliae‚secun-

166 1595 246 1629 dum
271 1605 478 1628 communem
514 1595 755 1629 extimationem
791 1596 918 1640 praedi-

167 1652 264 1690 ctam,
286 1648 453 1682 annuatim
488 1658 554 1681 non
585 1648 769 1690 ascendent,
792 1660 829 1682 ex
854 1650 917 1683 illis

167 1711 206 1735 ea
224 1706 348 1735 tantum
369 1712 456 1746 pars,
488 1712 571 1745 quae
605 1702 743 1736 valorem
771 1713 916 1736 annuum

167 1760 299 1790 centum
330 1756 550 1789 cruciatorum
584 1755 738 1789 similium
772 1757 914 1798 excedet,

166 1814 313 1853 separata
349 1814 381 1842 et
414 1809 661 1850 dismembrata,
688 1809 774 1843 dicto
806 1810 917 1845 Officio

169 1862 330 1908 applicata
349 1867 530 1903 censeatur,
553 1863 596 1896 ita
618 1869 654 1896 ut
673 1863 759 1908 ipsos
784 1865 916 1898 canoni-

168 1921 257 1950 catus
289 1922 321 1949 et
355 1916 554 1959 praebendas
587 1927 646 1961 pro
666 1922 813 1962 tempore
837 1919 919 1951 obti-

169 1969 320 2004 nentibus
340 1975 469 2003 centum
491 1969 625 2003 cruciati
658 1971 697 2003 ad
731 1971 838 2004 minus
863 1983 918 2005 an-

168 2021 291 2056 nuatim
317 2023 680 2067 remaneant3quodque
711 2025 917 2059 canonicatus

169 2080 201 2109 et
218 2076 419 2120 praebendae
443 2077 642 2118 huiusmodi,
663 2089 681 2111 a
705 2078 823 2121 quibus
843 2091 917 2124 par-

170 2135 218 2163 tes
235 2129 475 2173 praedictorum
496 2129 660 2163 fructuum
692 2132 917 2166 dismembrati

171 2181 354 2225 contigerit,
372 2182 534 2226 aliquibus
555 2183 680 2217 idoneis
700 2185 786 2227 viris,
809 2197 864 2229 qul
885 2198 918 2220 o-

171 2245 249 2268 nera
268 2241 422 2268 consueta
441 2236 505 2269 illis
520 2237 739 2272 incumbentia
753 2246 826 2272 cum
841 2241 919 2283 resi-

171 2283 237 2322 duo
252 2287 417 2321 fructuum
437 2289 501 2323 illis
521 2291 757 2325 remanentium
782 2304 920 2338 suppor-

171 2345 251 2381 tent,
273 2341 492 2374 conserantur.

215 2394 329 2427 Datum
376 2394 496 2428 Romae
543 2397 628 2440 apud
657 2398 807 2432 Sanctum
860 2401 901 2434 Pe

173 2453 272 2487 trum,
298 2447 358 2480 sub
389 2448 509 2481 annulo
542 2449 721 2488 piscatoris.
755 2453 805 2486 die
825 2464 919 2489 xxvm

174 2499 255 2533 iunii
279 2510 452 2540 untxxxiti,
479 2502 683 2545 pontificatus
703 2507 804 2539 nostri
835 2519 918 2543 anno

174 2553 378 2587 duodecimo.

213 2609 275 2640 Dat.
291 2610 339 2640 die
356 2611 394 2641 28
412 2610 486 2642 iunii
501 2612 587 2652 1583,
604 2616 708 2654 pontis.
726 2627 802 2650 anno
816 2628 868 2651 χιι.

1602 247 1666 296 429
1689 271 1696 274 ·

1291 318 1373 353 ctu.

962 404 1145 437 Declaratio
1179 408 1421 448 praecedentiae
1457 410 1544 443 inter
1573 408 1710 443 Ordines

1003 457 1260 492 Mendicaneium
1289 466 1317 493 et
1342 463 1427 495 inter
1455 463 1709 504 confraternita-

1006 515 1050 544 tes
1066 512 1222 546 laicorum
1244 516 1278 547 in
1293 517 1544 558 processionibus
1570 516 1594 550 ¹.

961 592 1105 629 Gregorius
1116 594 1186 631 Papa
1198 595 1265 629 Xilt,
1276 598 1309 625 ad
1318 600 1478 634 perpetuam
1490 599 1531 628 rei
1540 601 1708 630 memoriam.

1004 666 1153 710 Exposcit
1173 669 1342 711 pastoralis
1361 671 1457 703 officii
1478 682 1608 714 munus,
1645 672 1707 714 cui,

960 719 1150 763 disponente
1174 714 1320 762 Domino,
1345 724 1577 766 praesidemus,
1608 732 1641 759 ut
1667 726 1706 760 ad

961 784 998 807 ea
1032 774 1169 808 sollicite
1206 775 1421 817 intendamus,
1458 789 1515 822 per
1539 789 1621 822 quae
1641 779 1706 813 dis-

960 828 1147 862 cordiarum
1185 834 1215 862 et
1253 829 1359 863 litium
1391 842 1428 864 ac
1477 834 1706 867 controversia-

960 893 1034 915 rum
1054 882 1285 926 quarumlihet,
1312 885 1500 927 praesertim
1526 886 1608 919 inter
1632 898 1704 930 per-

959 947 1053 970 sonas
1073 937 1317 979 ecclesiasticas,
1340 938 1474 971 materia
1494 940 1634 974 tollatur.

1002 990 1068 1035 51.
1092 991 1173 1024 Sane
1208 991 1300 1024 nobis
1320 1002 1425 1036 nuper
1458 992 1596 1026 innotuit
1619 995 1704 1038 quod

959 1045 992 1078 in
1015 1045 1124 1078 multis
1159 1045 1339 1078 civitatibus
1371 1051 1402 1078 et
1431 1046 1629 1080 dioecesibus
1659 1048 1706 1080 di-

958 1109 1123 1132 versarum
1145 1099 1258 1132 mundi
1293 1099 1432 1143 partium
1471 1100 1645 1133 nonnullae
1671 1101 1706 1133 li-

958 1158 1017 1193 tes‚
1039 1163 1155 1186 causae
1192 1158 1223 1186 et
1255 1153 1491 1186 controverslie
1528 1153 1610 1187 inter
1643 1155 1705 1187 sra-

958 1212 1023 1240 tres
1041 1207 1270 1247 Mendieantes,
1296 1206 1377 1240 aliae
1401 1208 1497 1240 etiam
1521 1208 1642 1242 similes
1669 1209 1705 1241 li-

959 1266 1004 1294 tes
1021 1267 1051 1294 et
1066 1261 1301 1294 controversiae
1314 1261 1398 1294 inter
1405 1261 1583 1295 confratres
1595 1261 1610 1285 2
1622 1262 1705 1295 cliri-

958 1314 1156 1355 sfifidelium,
1179 1325 1277 1359 super
1302 1315 1525 1358 praecedentia
1556 1316 1603 1349 vel
1635 1316 1704 1349 iure

958 1368 1183 1412 praecedendi,
1211 1374 1299 1402 ortae
1325 1368 1387 1402 iam
1408 1369 1471 1402 sint
1500 1375 1531 1403 et
1554 1370 1631 1403 oriri
1661 1371 1703 1403 fa-

958 1421 1020 1454 cile
1039 1421 1170 1464 possint.

1001 1475 1016 1518 §
1036 1475 1067 1508 2.
1094 1475 1166 1516 Nos,
1187 1476 1426 1511 considerantes
1446 1477 1526 1517 lites,
1547 1488 1659 1512 causas
1675 1484 1700 1512 et

958 1530 1192 1563 controversias
1233 1531 1420 1564 huiusmodi
1464 1532 1495 1564 in
1538 1533 1677 1566 Ecclesia
1694 1559 1701 1572 ‚

958 1583 1145 1626 praesertim
1162 1584 1246 1617 inter
1256 1585 1420 1627 religiosas
1436 1596 1598 1629 personas,
1611 1597 1702 1630 quae,

958 1636 1078 1669 relictis
1102 1637 1212 1670 mundi
1228 1638 1431 1679 vanitatibus,
1455 1640 1643 1672 famulatum
1674 1645 1705 1672 et

958 1695 1065 1723 votum
1090 1701 1184 1724 suuni
1216 1692 1248 1724 in
1282 1692 1471 1725 humilitatis
1495 1693 1608 1736 spiritu
1641 1693 1703 1726 Do-

959 1743 1046 1777 mino
1067 1750 1098 1777 et
1127 1745 1190 1778 Deo
1215 1751 1338 1784 nostro,
1371 1747 1426 1789 qui
1458 1757 1490 1779 se
1519 1758 1577 1790 pro
1612 1747 1703 1780 nohis

960 1808 1061 1841 usque
1088 1798 1166 1831 adeo
1201 1798 1381 1831 humiliavit
1403 1805 1438 1832 ut
1462 1800 1597 1832 sormam
1623 1800 1702 1833 servi

958 1851 1131 1894 acciperet,
1158 1852 1307 1885 exhibere
1337 1858 1367 1885 et
1400 1853 1581 1896 persolvere
1607 1854 1703 1896 proti-

961 1908 1068 1937 tentur
1085 1932 1092 1942 ,
1133 1916 1197 1938 non
1238 1906 1399 1939 modicam
1435 1907 1480 1939 illi
1519 1908 1702 1951 praeclarae

958 1958 1087 2001 Deoque
1114 1959 1286 2003 praecipue
1319 1959 1454 1993 dilectae
1473 1960 1592 2000 virtuti,
1621 1971 1703 2003 quae

959 2016 1005 2044 est
1024 2012 1200 2053 humilitas,
1227 2013 1330 2046 lahem
1364 2013 1544 2056 infundere,
1569 2016 1704 2058 populo-

958 2076 1021 2109 que
1046 2067 1232 2099 scandalum
1261 2078 1434 2110 generare,
1462 2078 1498 2100 ac
1532 2075 1702 2112 propterea

959 2119 1029 2152 illas
1054 2119 1141 2152 omni
1174 2121 1296 2153 ratione
1334 2121 1577 2162 submovendas,
1599 2122 1704 2166 puhli-

960 2183 1080 2216 caeque
1101 2173 1264 2216 religionis
1283 2174 1517 2217 tranquillitati,
1539 2185 1576 2208 ac
1611 2176 1704 2209 inini-

959 2232 1097 2259 stroi‘um
1118 2227 1419 2260 'ecclesiasticorum
1451 2228 1703 2263 reconciliationi

959 2285 990 2312 et
1013 2287 1143 2313 mutuae
1169 2281 1332 2313 dilectioni
1352 2281 1592 2325 quamprimum
1626 2294 1704 2316 con-

961 2334 1130 2367 sulendum
1157 2345 1224 2367 esse
1249 2335 1321 2373 rati,
1355 2345 1391 2368 ac
1423 2346 1606 2379 supremam
1628 2338 1705 2371 huic

960 2388 1094 2430 negocio
1115 2398 1244 2420 manum
1267 2399 1429 2432 apponere
1457 2389 1609 2429 volentes,
1633 2401 1706 2424 nec-

997 2461 1006 2487 1
1034 2459 1155 2486 Adverte
1182 2459 1257 2493 quod
1283 2459 1350 2486 Pius
1379 2459 1409 2493 V,
1434 2461 1603 2495 generaliter
1632 2462 1708 2490 dedit

960 2503 1185 2538 praecedentiam
1208 2503 1341 2531 fratribus
1360 2503 1606 2534 praedicatoribus
1631 2507 1708 2535 Ordi-

960 2548 1003 2575 nis
1024 2548 1050 2575 S.
1072 2548 1206 2575 Dominici
1230 2552 1292 2575 ante
1317 2548 1386 2576 alios
1408 2548 1607 2585 Mendicantes‚
1624 2556 1654 2579 ut
1680 2552 1707 2580 in

961 2593 1022 2619 elus
1041 2592 1151 2619 constit.
1178 2598 1255 2626 cwu,
1282 2593 1390 2628 Dii-iim,
1417 2598 1483 2622 tom.
1502 2602 1550 2630 vu,
1567 2604 1630 2633 pag.
1644 2598 1705 2626 690.

996 2658 1011 2685 ’2
1026 2659 1104 2686 Adde
1120 2666 1184 2687 cuin
1198 2659 1318 2689 Cherub.
1336 2662 1590 2697 confraternitatum
1605 2665 1644 2699 (R.
1656 2667 1705 2702 T.)-

1728 257 1767 287 Ᾰη
1794 258 1822 287 C.
1839 258 1906 288 ¹583

1749 673 1870 695 Exordium.

1746 998 1811 1019 Canza
1823 1001 1902 1021 eonsti-

1721 1032 1814 1051 tutionis.

1746 1476 1848 1498 Extinctio
1871 1475 1898 1499 ss·

1721 1510 1777 1527 llum-
