2059 3228
290 191 354 227 8⁵28

340 251 511 286 Marcellus
527 250 644 293 Niger‚'
663 249 856 293 deputatus.

333 306 539 340 Sebastianus
553 304 664 343 Varus,
685 303 873 346 deputatus.

331 361 397 403 Ego
408 360 623 403 Hieronymus
638 356 791 397 Alterius,
809 355 992 400 deputatus.

332 415 448 449 Marius
467 414 654 454 Matthaeus,
677 412 860 456 deputatus.

332 468 476 502 Andreas
495 466 627 507 Vellius,
648 466 835 510 deputatus.

332 522 515 566 Stephanus
539 519 752 564 Paparonius,
772 519 956 563 deputatus.

333 577 548 620 Hieronymus
573 574 681 615 Picus,
702 573 887 617 deputatus

49 202 100 231 An.
117 202 146 232 C.
164 205 232 237 1586

333 684 378 717 l).
401 682 589 717 Dominicus
611 681 726 722 Ninus,
753 686 972 715 conservator.

336 737 441 771 Livius
461 735 655 776 Attracinus‚
677 740 895 768 conservator.

334 792 361 824 M
373 791 514 824 xrcurius
533 789 709 831 Amadeus,
731 794 950 823 conservator.

334 846 449 880 Petrus
463 846 644 885 Benmnus,
666 843 769 888 prior.

1009 989 1011 996 Ι
1039 951 1219 992 Societatis,
1243 950 1307 984 alia
1326 960 1391 983 non
1421 949 1641 983 studiosorum
1663 948 1790 983 schola-

556 1030 688 1064 LXXIX.
1008 1024 1011 1059 ἐ

247 1107 429 1154 Ampliatio
448 1107 708 1151 congyreyationis
720 1106 776 1138 sub
796 1105 1002 1138 invocatione

293 1162 574 1196 Amzunciatiom's
586 1161 706 1194 Bealac
713 1160 746 1192 M
747 1159 883 1192 m·z'aeVi
886 1159 1001 1202 rqinis,

294 1217 379 1250 alias
400 1217 435 1249 in
458 1216 538 1248 Urbe
562 1215 746 1253 institutae,
765 1223 825 1256 pro
843 1213 1001 1246 scholari-

295 1271 352 1304 bus
372 1269 596 1303 insistentibus
615 1268 742 1301 Studiis
760 1267 884 1311 colleyii
899 1266 1001 1300 Socie-

297 1325 376 1358 tatis
404 1324 478 1357 Iesu
501 1323 690 1363 institutae,
721 1323 763 1354 ad
795 1331 1004 1366 quoscumque

295 1379 378 1412 alios
397 1378 497 1411 etiam
521 1387 587 1410 uon
607 1377 788 1417 studente&
807 1380 836 1409 et
865 1375 1005 1418 facultas

297 1428 382 1466 alias
398 1431 660 1475 congyrcqationes
684 1429 884 1473 awreqandi
903 1429 1006 1473 eisque

296 1485 519 1529 indulgentius
542 1483 816 1518 communicandi.

331 1567 428 1596 Sixtus
441 1566 594 1603 episcopus.
610 1571 704 1594 servus
721 1571 861 1593 servorum
874 1564 930 1597 Dei.

404 1616 438 1644 ad
459 1617 619 1652 perpetuam
634 1615 675 1644 rei
689 1614 860 1643 memoriam.

992 1586 1004 1604 ‘a‘

971 1641 973 1643 ¹
993 1623 1010 1664 ἐ

299 1687 447 1732 Superna
458 1687 680 1731 dispositione,
700 1687 793 1720 cuius
807 1684 1009 1720 inscrutabili

59 1742 216 1765 ‘'¹⁰⁰¹ffi'1ffl·
257 1741 460 1786 providentia
484 1740 721 1774 ordinationem
742 1740 921 1784 suscipiunt
937 1738 1010 1772 uni-

256 1806 358 1836 versa,
381 1795 414 1828 in
433 1794 895 1839 supereminentiapostolicae
907 1792 1011 1836 digni-

257 1849 332 1883 tatis
350 1850 492 1893 specula,
513 1849 637 1882 meritis
657 1849 731 1881 licet
744 1847 922 1892 imparibus
934 1857 1012 1881 con·

258 1902 371 1943 stituti‚
402 1909 431 1935 et
461 1903 515 1947 pia
534 1908 563 1936 et
590 1902 733 1935 salubria
752 1902 1011 1935 christifidelium

259 1961 341 1997 vota,
362 1967 444 2000 quac
465 1957 504 1989 ad
522 1956 822 1989 confraternitatum
844 1966 900 1988 seu
918 1955 1013 1989 soda-
1032 1979 1033 1995 i

259 2010 400 2050 litatum,
429 2011 616 2054 praesertim
649 2010 680 2043 in
715 2010 774 2043 hac
794 2010 879 2043 Urbe
905 2015 1013 2042 nostra

253 2058 323 2097 'rite
349 2064 579 2105 institutarum,
592 2065 721 2097 laudem
734 2070 763 2098 et
776 2064 925 2107 gloriam,
939 2074 1012 2097 cum

262 2118 446 2152 animarum
476 2119 578 2152 salute.
609 2118 740 2152 tendere
764 2118 1012 2161 dignoscuntur,

263 2171 404 2205 libenter
415 2172 616 2212 exaudimus,
630 2172 797 2217 ipsasques
805 2172 1016 2206 confraterni-

265 2230 357 2265 tates,
377 2236 431 2259 seu
454 2227 639 2260 sodalitates
659 2226 826 2269 condignis
841 2225 941 2259 titulis
962 2237 1015 2259 ex-

266 2279 428 2321 tollimus,
457 2291 493 2313 ac
520 2280 597 2314 alias
627 2281 767 2325 desuper
796 2281 1014 2325 disponimus,

268 2338 365 2376 prout
398 2333 431 2366 in
465 2334 600 2368 Domino
636 2334 856 2378 conspicimus
896 2336 1015 2369 eisdem

270 2385 533 2421 christifidelibus
553 2389 723 2422 salubriter
742 2389 904 2433 expedire.

101 2478 191 2504 &egon
210 2473 257 2496 xm
315 2441 329 2483 ξ
354 2441 385 2474 l.
412 2441 497 2475 Alias
524 2442 680 2486 siquidem
707 2454 766 2487 pro
795 2448 885 2488 parte
912 2443 1019 2477 dilecti

81 2507 261 2549 ηςςῑιηειωιιςτεᾶ
273 2493 330 2539 filii
351 2494 473 2528 Claudii
495 2497 684 2540 Aquavivae,
704 2498 876 2542 praepositi
889 2509 1020 2541 genera-

75 2535 312 2582 {3¹0⁰rlss'20110l1-1is
323 2547 488 2583 Societatis
499 2552 579 2592 Iesu,
593 2553 692 2586 felicis
702 2554 932 2588 recordationis
943 2555 1018 2588 Gre-

78 2627 109 2643 ιιι
123 2618 209 2647 collegii
219 2617 261 2640 50-
274 2603 366 2646 gorio
373 2604 476 2649 Papae
487 2592 562 2648 Xffi,
577 2609 815 2651 praedecessori
830 2617 953 2652 nostro,
967 2621 1020 2644 ex-

77 2590 142 2615 ribus,
150 2589 170 2608 in
180 2586 260 2608 eccle-

840 193 1021 220 BULLARIUM
1043 191 1197 217 ROMANUM

1001 1608 1007 1612 '
1050 1604 1194 1644 refectos,
1217 1613 1254 1636 ac
1273 1601 1423 1636 decorata
1443 1606 1474 1634 et
1496 1599 1615 1633 refecta
1635 1609 1703 1633 esse
1720 1608 1796 1632 con·
1842 1638 1849 1645 ⁹

1920 0 1994 71 W

1960 71 1982 103 *A

1800 198 1854 228 An.
1870 197 1901 228 G.
1917 196 1989 231 iffi

1015 244 1122 288 posito
1142 251 1291 279 externos
1309 246 1476 282 scholares
1486 248 1526 283 ad
1537 248 1677 294 collegia
1687 248 1776 285 eius-
1802 261 1890 282 cimus
1901 259 1985 284 ιοιιιιο

1036 300 1110 335 dem
1129 300 1297 335 Societatis
1311 304 1369 335 etc.
1392 301 1406 325 1
1801 292 1986 346 ffissfiissiiissff

1080 354 1095 398 g
1114 354 1145 388 2.
1173 354 1253 389 Cum
1273 359 1394 397 autem,
1420 354 1505 388 sicut
1532 354 1673 390 exhibita
1691 356 1785 392 nobis
1828 377 1871 399 sen
1885 371 1987 405 ptumi·

1038 418 1142 452 nuper
1161 418 1220 453 pro
1249 413 1339 453 parte
1366 408 1444 442 dicti
1463 408 1587 442 Claudii
1611 410 1784 454 praepositi
1801 409 1878 460 ⁰5⁶⁹*ss
1907 407 1989 431 ⁶⁰¹¹*

1038 461 1150 505 petitio
1161 461 1355 504 continebat,
1365 473 1402 496 ex
1413 462 1720 506 congregationibus
1729 474 1786 497 seu
1799 443 1998 502 iiiisizhffiiiff}

1038 517 1194 552 sodalitiis
1221 517 1423 559 huiusmodi,
1454 517 1527 551 novi
1552 517 1587 557 in
1605 517 1672 551 dies
1691 522 1787 561 atque
1799 496 1991 563 ἷξζξζζὲῗξέἓ

1038 582 1075 604 eo
1095 572 1245 613 maiores,
1272 582 1338 616 quo
1354 572 1465 616 plures
1475 576 1549 605 sunt
1568 571 1705 612 sodales,
1719 571 1785 604 fru-
1801 566 1998 621 {ssgnffnss'm‘l

1037 633 1108 660 ctus
1127 627 1299 672 provenire
1313 630 1501 666 noscantur,
1519 624 1594 659 etin
1605 624 1714 658 multis
1724 623 1790 658 col·
1884 613 1890 619 ’
1972 611 2000 670 ’ᾖ

1038 681 1141 725 legiis,
1163 692 1223 725 pro
1243 680 1403 715 sodalium
1423 678 1604 724 frequentia
1624 690 1661 713 ac
1681 679 1789 724 dispa-
1969 696 1978 707 ·

1040 736 1143 776 ritate,
1166 745 1249 780 opus
1274 733 1372 768 suerit
1390 744 1455 767 non
1471 744 1570 767 unam
1581 738 1722 775 tantum,
1734 733 1790 766 sed
1956 726 1958 728 ¹

1041 791 1149 833 plures
1175 789 1207 823 in
1229 789 1344 823 eodem
1364 787 1503 831 collegio
1523 786 1791 831 congregationes
1962 778 1975 800 ·’
1998 797 2002 799 ’

1042 842 1226 877 'iuiusmodi
1251 843 1432 883 instituere,
1454 841 1535 886 quin
1554 841 1651 875 etiam
1668 840 1709 874 'in
1728 839 1790 874 eis-

1045 899 1112 932 lem
1141 897 1287 941 collegiis
1312 907 1350 930 ac
1377 895 1474 930 etiam
1507 894 1659 929 domibus
1687 894 1794 928 dictae

1017 994 1021 1081 ἱ
1039 1006 1135 1046 rium,
1156 1005 1210 1039 sed
1228 1004 1367 1038 aliorum
1387 1003 1517 1048 piorum
1530 1002 1790 1041 christifidelium

1018 1083 1021 1095 1
1040 1059 1187 1093 sodalitia
1207 1069 1263 1092 seu
1283 1057 1550 1101 congregationes
1569 1056 1689 1101 passim
1700 1055 1791 1091 insti-

1020 1131 1022 1163 [
1041 1119 1201 1147 tuantur..
1250 1147 1252 1150 ,

1020 1164 1023 1196 Ι
1084 1168 1099 1212 g
1123 1167 1154 1201 3.
1181 1167 1221 1201 Ut
1240 1167 1338 1210 igitur
1357 1171 1422 1200 tam
1442 1165 1606 1200 scholares
1626 1175 1723 1209 quam
1735 1175 1790 1199 ce-

1042 1224 1101 1258 teri
1123 1221 1348 1257 christifideles
1368 1231 1406 1254 eo
1431 1219 1648 1264 promptiores
1667 1219 1708 1252 ad
1731 1219 1792 1253 hu-

1020 1267 1181 1311 iiusmodi
1210 1275 1474 1320 congregationes
1503 1275 1551 1307 vel
1580 1272 1727 1307 sodalitia
1745 1273 1792 1320 in·

1043 1332 1219 1376 gredienda
1242 1330 1432 1371 reddantur,
1454 1333 1487 1363 et
1506 1328 1545 1361 ad
1569 1328 1697 1372 piorum
1717 1337 1793 1372 ope-
1817 1339 1820 1342 ’

1044 1397 1117 1420 rum
1147 1385 1297 1419 exercitia
1317 1383 1418 1427 magis
1437 1381 1628 1422 excitentur,
1649 1392 1687 1414 ac
1709 1380 1793 1415 exci-

1044 1440 1100 1474 tati
1121 1443 1404 1479 manuteneantur‚
1421 1447 1486 1482 quo
1498 1434 1712 1481 amplioribus
1722 1445 1794 1469 coe-

1046 1494 1134 1529 lestis
1154 1493 1275 1537 gratiae
1299 1492 1412 1533 donis,
1443 1502 1477 1525 se
1506 1501 1543 1525 ac
1576 1500 1689 1524 eorum
1715 1499 1794 1523 con-

1048 1548 1249 1592 gregationes
1281 1558 1339 1581 seu
1376 1545 1525 1580 sodalitia
1562 1545 1730 1578 decoratos
1757 1554 1796 1578 ac

1053 1657 1219 1701 :pexerint,
1238 1667 1298 1701 pro
1318 1660 1407 1700 parte
1427 1653 1504 1688 dicti
1524 1652 1647 1688 Claudii
1657 1662 1796 1697 praepo-

1050 1711 1099 1744 siti
1118 1711 1210 1744 nobis
1227 1710 1287 1744 suit
1306 1708 1474 1743 humiliter
1491 1707 1798 1752 supplicatumqua-

1050 1773 1142 1799 tenus
1156 1765 1216 1798 sibi
1236 1775 1274 1798 ac
1295 1774 1353 1808 pro
1371 1769 1517 1807 tempore
1537 1761 1796 1810 existentiprae-

1050 1820 1154 1853 <lictae
1182 1818 1350 1853 Societatis
1379 1816 1562 1870 praeposito
1594 1827 1651 1850 seu
1678 1815 1798 1849 vicario

1052 1873 1207 1915 generali,
1227 1879 1261 1906 ut
1279 1873 1312 1905 in
1332 1866 1496 1915 quibusvis
1516 1870 1622 1904 dictae
1633 1868 1800 1904 Societatis

1052 1927 1195 1961 ecclesiis
1216 1937 1271 1960 seu
1292 1925 1441 1959 domibus
1456 1935 1493 1958 ac
1513 1923 1668 1967 collegiis,
1691 1928 1754 1956 tam
1767 1922 1800 1956 in

1055 1982 1136 2014 [rbe
1157 1991 1254 2024 quam
1272 1985 1360 2013 extra
1379 1990 1462 2019 eam,
1485 1989 1543 2022 per
1554 1978 1739 2011 universum
1749 1987 1800 2011 or-

1055 2036 1138 2075 bem,
1165 2045 1252 2068 nunc
1277 2039 1307 2068 et
1327 2044 1386 2078 pro
1406 2039 1552 2077 tempore
1571 2031 1687 2066 erectis
1702 2042 1759 2066 seu
1770 2042 1802 2064 e-

1056 2088 1215 2131 rigendis,
1245 2088 1372 2132 quasvis
1397 2087 1488 2126 alias,
1514 2086 1578 2119 sive
1603 2085 1801 2119 scholarium

1056 2148 1191 2183 tautum,
1209 2143 1272 2176 sive
1290 2142 1426 2175 aliorum
1451 2139 1719 2180 christifidelium,
1740 2139 1803 2172 sive

1058 2203 1270 2239 utrorumque
1290 2196 1399 2236 simul,
1417 2200 1481 2228 tam
1506 2195 1565 2228 sub
1590 2194 1703 2227 eodem
1728 2193 1803 2226 Bea-

1060 2257 1106 2283 t.ic
1128 2250 1244 2283 Mariae
1264 2249 1485 2282 Annunciatae
1499 2258 1597 2292 qnam
1617 2238 1682 2280 alio
1693 2245 1805 2290 quovis

1059 2304 1150 2337 titulo
1168 2309 1199 2337 et
1215 2303 1429 2343 invocatione,
1456 2301 1724 2345 congregationes
1747 2310 1804 2333 seu
1844 2292 1847 2294 ’

1059 2358 1204 2391 sodalitia
1228 2357 1314 2391 dicta
1342 2356 1532 2390 auctoritate
1555 2360 1715 2400 perpetuo
1744 2352 1806 2387 eri-

1059 2411 1155 2455 gendi
1177 2417 1207 2445 et
1230 2411 1417 2444 instituendi
1446 2410 1630 2443 facultatem
1650 2413 1682 2442 et
1705 2407 1805 2441 licen-

1060 2466 1136 2498 tiam
1153 2465 1344 2505 concedere,
1359 2464 1502 2507 aliasque
1513 2463 1546 2496 in
1557 2461 1742 2507 praemissis
1751 2471 1808 2505 op-

1101 2575 1108 2600 1
1130 2571 1272 2599 Omittitur
1296 2570 1436 2598 narrativa
1462 2569 1547 2598 liuius
1569 2570 1660 2596 const.
1680 2565 1746 2601 quta
1765 2567 1808 2592 est

1064 2618 1090 2645 in
1106 2622 1172 2646 tom.
1189 2624 1228 2652 lv,
1255 2615 1457 2651 Omnipotenu's.
