2059 3228
41 869 103 893 uque
121 870 152 886 ar-

37 897 139 919 nonatum

34 924 150 953 ehtpresby-

36 961 66 979 un
78 957 152 982 erexit,

33 993 68 1014 rii·
105 987 153 1010 dote

35 1019 87 1046 “⁸⁸⁸5

769 212 848 236 Gneo
854 212 944 236 natvs
965 211 1020 235 xm
1045 211 1092 236 ΓΡ.

171 266 279 294 cetero
312 262 422 295 cadem
453 263 586 296 ecclesia
616 264 647 296 S.
687 264 912 297 Bartholomrei

171 324 234 347 non
262 315 400 358 amplius
434 317 600 357 collegiata
636 323 817 357 vocaretur,
858 318 911 350 sed

169 367 361 400 cathedralis
387 369 520 402 ecclesia
547 371 577 402 S.
607 370 722 403 Leonis
752 371 911 409 existeret,

169 426 353 454 remanente
363 426 466 455 tamen
479 423 591 455 cadem
601 423 733 456 ecclesia
743 424 914 456 Feretrana

169 473 202 506 in
218 473 305 507 dicto
317 475 436 518 oppidu
449 476 479 508 S.
496 476 608 508 Leonis
619 477 676 509 sub
687 476 830 509 eiusdem
840 487 912 508 san—

168 526 210 560 cti
248 527 362 560 Leonis
400 528 612 569 invocatione,
654 540 727 562 cum
769 529 914 571 insigniis

169 581 360 615 cathedralis
384 583 550 623 ccclesiae,
578 583 669 616 cuius
684 582 835 615 festivitas
851 582 912 615 coli

167 634 219 668 die
243 635 386 668 eiusdem
421 636 451 669 S.
490 636 602 669 Leonis
635 646 700 669 non
738 636 910 676 desineret,

168 689 251 722 dicta
274 689 463 723 auctoritate
483 695 640 734 perpetuo
653 690 807 723 statuitet
825 689 912 723 ordi-

168 743 265 776 navit.

211 798 226 841 ἓ
248 797 281 831 lt.
307 798 345 831 Et
363 803 399 831 ut
417 797 527 831 cadem
545 798 677 832 ecclesia
694 798 865 832 Feretrana
880 799 912 831 in

167 851 312 884 camdem
323 851 490 885 ecclesiam
502 850 610 884 Sancti
621 851 857 885 Bai-tholomaei
867 853 912 886 sic

165 904 317 938 translata
334 915 392 948 pcr
407 903 545 947 amplius
560 903 714 937 ministris
734 905 912 939 honorare-

168 963 220 991 tur
236 962 267 991 et
287 957 495 1001 dignitatibus
506 963 716 1000 accresceret,
731 969 822 992 more
833 960 911 993 alia-

167 1021 239 1044 rum
256 1011 488 1044 cathedralium
500 1012 710 1044 ecclesiarum
727 1012 911 1056 insignium,

167 1064 200 1098 in
219 1064 274 1098 illa
288 1074 391 1098 unum
403 1064 714 1106 archidiaconatum,
727 1066 783 1109 qui
808 1066 913 1110 prima

166 1123 239 1163 post
254 1118 485 1162 pontificalem,
508 1129 566 1162 pro
586 1130 650 1152 uno
668 1119 909 1162 archidiacono,

166 1173 343 1216 quioculus
352 1172 761 1217 episcopinuncuparctur,
773 1180 912 1207 etunum

167 1225 527 1270 archipresbyteratum,
547 1236 629 1269 quae
660 1228 801 1261 secunda
834 1228 912 1261 inibi

166 1279 336 1323 dignitates
355 1279 536 1320 existerent,
558 1290 618 1324 pro
644 1291 709 1314 uno
734 1281 914 1325 archipres-

166 1333 290 1378 bytero,
312 1334 379 1378 qui,
399 1334 432 1367 in
442 1335 586 1367 absentia
598 1334 671 1368 dicti
683 1335 912 1377 archidiaconi,

167 1392 263 1432 caput
279 1388 411 1432 capituli
436 1393 467 1421 et
490 1388 722 1422 canonicorum
752 1390 911 1431 existeret,

167 1447 324 1486 perpetuo
357 1441 457 1474 erexit
486 1447 517 1475 et
536 1441 693 1482 instituit;
715 1454 764 1483 ac,
786 1453 845 1486 pro
865 1455 915 1476 ar-

167 1494 409 1528 chidiaconatus
426 1500 457 1529 et
475 1496 808 1540 archipresbyteratus
820 1508 913 1541 prae-

139 1583 143 1587 ,
167 1547 330 1581 dictorum
351 1548 397 1582 sic
431 1554 616 1582 erectorum
633 1554 666 1582 et
694 1549 913 1583 institutorum

167 1601 253 1642 dote,
273 1602 412 1643 fructus,
431 1602 577 1635 redditus
594 1608 625 1636 et
644 1608 818 1646 proventus
832 1615 913 1648 quo-

168 1664 382 1698 rumcumque
402 1655 597 1699 simplicium
614 1656 846 1690 beneficiorum
865 1668 916 1690 ec-

168 1707 421 1742 clesiasticorum
447 1719 506 1752 per
533 1709 740 1743 Franciscurn
775 1721 830 1744 seu
856 1721 915 1754 pro

128 1758 131 1761 ⁴
167 1766 314 1806 tempore
335 1762 527 1796 existentem
555 1764 743 1808 episcopum
769 1764 914 1798 Feretro-

169 1825 246 1848 num
257 1827 387 1850 mensae
405 1816 574 1860 capitulari
586 1817 817 1858 timendorum,
831 1829 916 1851 sum-

168 1879 253 1902 mam
271 1875 400 1903 centum
421 1875 454 1903 et
471 1870 706 1914 quinquaginta
722 1871 914 1904 ducatorum

169 1922 239 1956 auri
271 1923 415 1957 redditus
438 1934 503 1957 non
530 1925 768 1964 excedentium,
796 1925 915 1958 eisdem

168 1976 445 2010 archidiaconatui
462 1983 493 2010 et
511 1977 847 2022 archipresbyteratui,
873 1979 916 2012 ita

169 2030 267 2073 quod,
284 2041 358 2063 cum
374 2031 516 2074 primum
533 2031 602 2071 dos,
616 2036 651 2064 ut
662 2032 853 2076 praefertur,
871 2032 917 2065 eis

121 2100 129 2110 ·
170 2083 327 2126 assignata
345 2083 443 2117 suerit
471 2095 530 2127 per
555 2085 660 2128 ipsum
690 2086 916 2129 praedecesso-

169 2146 238 2169 rem
254 2137 294 2170 de
310 2137 374 2170 illis
393 2148 411 2170 a
430 2138 593 2181 primaeva
614 2149 726 2171 eorum
755 2140 917 2173 erectione

170 2190 358 2224 vacantibus
378 2191 549 2225 collatione
566 2192 799 2235 etprovisione,
812 2193 917 2226 eidem

171 2243 326 2277 ecclesiae
350 2244 538 2285 cathedrali,
558 2251 593 2278 ut
613 2246 805 2289 praefertur,
818 2251 919 2279 trans-

172 2296 270 2331 latae.
287 2297 446 2331 deservire
481 2299 672 2342 inciperent,
704 2305 734 2332 ct
765 2300 919 2332 continuo

1594 204 1658 237 517

954 262 1141 306 principalis
1159 263 1295 304 dignitas
1312 266 1342 298 in
1363 266 1415 299 illa
1428 266 1590 307 existebat,
1605 277 1701 309 quar-

955 321 1030 356 tam,
1043 317 1198 359 quamdiu
1220 324 1323 351 tamen
1344 325 1418 352 tunc
1431 320 1531 354 dictae
1544 321 1699 353 ecclesiae

954 369 1215 403 S.Bartlioloina:i
1242 373 1441 415 prat-positus
1458 373 1553 406 vitam
1568 374 1700 408 duceret

954 421 986 454 in
997 422 1157 463 humanis,
1171 424 1333 457 dumtaxat
1345 426 1699 468 dignitatesconstituit,

954 480 984 507 et
1000 476 1242 519 praepositurae
1260 479 1493 512 ecclesiasticae
1512 480 1543 513 S.
1566 480 1699 515 Bartho-

954 528 1068 562 lomaei
1088 530 1278 563 adveniente
1298 542 1356 575 pro
1374 537 1518 576 tempore
1535 535 1699 568 vacatione

954 592 1012 624 per
1028 582 1150 615 obitum
1172 588 1248 616 tunc
1278 584 1363 617 illius
1390 587 1561 629 praepositi
1589 588 1686 621 huius

955 635 1054 676 modi,
1081 637 1120 669 ad
1146 636 1176 669 id
1202 643 1236 670 ut
1256 643 1320 671 tres
1344 638 1512 682 dignitates
1536 641 1700 675 dumtaxat

954 688 986 721 in
1011 689 1079 733 ipsa
1113 691 1249 724 ecclesia
1282 692 1451 725 Feretrana
1486 694 1518 726 in
1552 696 1698 729 eamdem

954 742 1122 775 ecclesiam
1153 744 1184 777 S.
1218 744 1440 779 Bartholomaei
1466 748 1616 781 translata
1646 760 1697 782 re-

954 802 1134 837 manerent,
1161 798 1249 831 illam
1274 799 1419 833 eamdem
1444 806 1600 844 perpetuo
1620 813 1691 846 sup

954 850 1078 892 pressit.

997 903 1012 946 ξ
1037 903 1067 936 6.
1087 904 1229 946 Necnon,
1248 905 1323 948 quia
1340 911 1402 939 tam
1421 907 1452 940 S.
1472 908 1585 941 Leonis
1602 920 1696 952 quam

954 956 984 989 S.
999 957 1225 991 Barthotomaei
1244 960 1453 993 ecclesiarum
1466 961 1648 995 huiusmodi
1662 973 1698 996 ac

953 1009 1081 1043 illarum
1101 1022 1285 1046 mensarum
1311 1014 1535 1057 capitularium
1563 1016 1696 1057 fructus,

953 1064 1096 1097 redditus
1113 1070 1144 1098 et
1159 1071 1332 1109 proventus
1347 1068 1427 1102 adeo
1449 1075 1562 1102 tenues
1588 1073 1699 1104 existe-

953 1117 1042 1159 bant,
1064 1119 1148 1162 quod
1175 1131 1234 1164 pro
1258 1123 1501 1156 manutentione
1528 1125 1699 1159 canonico-

954 1182 1026 1205 rum
1044 1174 1282 1216 praedictorum
1299 1185 1364 1208 non
1385 1177 1596 1219 sufficiebant,
1624 1191 1698 1213 cum

954 1225 985 1258 S.
1005 1226 1117 1259 Leonis
1135 1229 1392 1270 quatuordecim,
1413 1230 1444 1263 S.
1474 1231 1698 1266 Bartholomzei

953 1289 1028 1312 vero
1053 1281 1262 1315 ecclesiarum
1289 1284 1537 1318 canonicatuum
1559 1291 1589 1319 et
1608 1297 1700 1331 prae-

954 1332 1134 1367 bendarum
1153 1335 1264 1368 decern
1280 1336 1470 1370 ducatorum
1498 1339 1567 1371 auri
1589 1340 1628 1373 de
1644 1340 1699 1374 Ca-

955 1397 1044 1420 mera
1052 1388 1186 1430 fructus,
1201 1390 1345 1423 redditus
1358 1396 1389 1424 et
1400 1398 1573 1435 proventus
1584 1393 1699 1427 huius-

955 1440 1054 1482 modi,
1083 1443 1260 1476 secundum
1282 1454 1489 1479 communem
1508 1447 1700 1481 aestimatio-

955 1504 1041 1535 nem,
1070 1496 1212 1529 valorem
1241 1507 1386 1531 annuum
1404 1509 1469 1532 non
1498 1501 1698 1541 excederent,

956 1549 1173 1591 parochialem
1191 1551 1358 1584 ecclesiam
1375 1552 1406 1585 S.
1425 1553 1546 1586 Nicolai
1563 1555 1602 1587 de
1614 1555 1700 1588 Billis

955 1607 1174 1646 nuncupatam
1198 1604 1301 1637 dictae
1321 1605 1440 1638 Pinnae
1464 1606 1631 1649 Billorum‚
1645 1619 1700 1642 cu-

955 1654 1005 1688 ius
1022 1655 1156 1697 fructus,
1178 1657 1322 1690 redditus
1338 1663 1368 1691 et
1385 1665 1556 1702 proventus
1567 1662 1699 1703 quadra-

956 1709 1044 1752 ginta
1065 1717 1206 1754 quatuor
1233 1712 1423 1745 ducatorum
1441 1714 1511 1746 auri
1531 1714 1702 1757 similium,

956 1764 1134 1797 secundum
1147 1765 1391 1799 aestimationem
1404 1767 1601 1810 przedictam,
1613 1770 1699 1802 valo-

956 1828 1023 1850 rem
1045 1829 1189 1851 annuum
1219 1829 1283 1852 non
1310 1820 1514 1861 excedebant,
1543 1832 1579 1854 ex
1604 1828 1698 1863 tunc,

956 1876 1055 1913 prout
1072 1881 1108 1904 ex
1125 1882 1162 1905 ea
1181 1872 1231 1905 die
1243 1878 1274 1905 et
1293 1884 1309 1906 e
1327 1879 1447 1914 contra,
1465 1884 1538 1907 cum
1559 1875 1700 1918 primum

957 1923 1044 1956 illam
1063 1935 1121 1968 per
1138 1935 1273 1966 cessum,
1292 1926 1386 1958 etiam
1405 1937 1440 1959 ex
1462 1938 1557 1960 causa
1568 1938 1701 1971 permu-

957 1978 1098 2017 tationis,
1116 1980 1163 2012 vel
1181 1979 1346 2013 decessum
1369 1990 1424 2013 seu
1442 1981 1587 2024 quamvis
1607 1981 1701 2014 aliam

958 2031 1175 2065 dimissionem
1200 2033 1248 2066 vel
1277 2033 1480 2066 amissionem
1510 2034 1597 2066 illam
1626 2040 1703 2067 tune

958 2084 1143 2126 obtinentis,
1163 2086 1257 2119 etiam
1283 2087 1315 2119 in
1340 2087 1447 2130 aliquo
1480 2098 1516 2120 ex
1542 2088 1704 2121 mensibus

958 2138 1031 2171 Sedi
1052 2140 1250 2183 Apostolicae
1270 2151 1328 2184 per
1360 2141 1604 2175 constitutiones
1629 2152 1705 2185 apo-

959 2193 1087 2227 stolicas
1137 2204 1193 2226 seu
1246 2195 1440 2237 apostolicae
1489 2194 1704 2228 Cancellariae

959 2247 1087 2289 regulas
1107 2247 1287 2288 reservatis,
1309 2258 1365 2280 seu
1383 2248 1552 2281 ordinariis
1572 2248 1704 2281 collato-

959 2300 1047 2333 ribus
1064 2301 1160 2333 ctiam
1180 2311 1238 2344 per
1255 2300 1496 2334 constitutiones
1516 2303 1706 2345 apostolicas

173 2350 327 2395 deinceps
350 2351 561 2393 inservirent,
593 2353 703 2385 eadem
731 2353 919 2386 auctoritate
961 2364 1016 2386 seu
1038 2354 1159 2386 litteras
1177 2354 1438 2387 alternativarum
1457 2355 1504 2387 vel
1532 2355 1608 2388 alias
1629 2366 1706 2388 con-

173 2399 320 2433 similiter
347 2405 505 2444 perpetuo
535 2401 705 2445 applicavit
740 2408 771 2435 et
799 2413 918 2446 appro-
961 2402 1069 2442 cessis,
1091 2408 1145 2435 aut
1165 2403 1243 2435 alias
1263 2403 1375 2446 quovis
1393 2404 1487 2436 modo
1504 2415 1616 2437 vacare
1629 2415 1706 2437 con-

196 2448 298 2482 riavit.

173 2458 194 2491 p
218 2498 233 2541 ἓ
257 2494 283 2534 5.
314 2498 444 2532 Necnon
471 2499 724 2542 praeposituram
755 2500 785 2533 S.
808 2500 921 2533 Leonis

961 2451 1108 2494 tingeret,
1126 2451 1221 2484 etiam
1246 2453 1270 2484 si
1292 2459 1364 2485 actu
1383 2459 1614 2490 tuncvz‘tcateu
1635 2464 1708 2486 tier-

938 2475 941 2541 l
961 2511 1025 2533 non
1047 2502 1141 2533 ctiam
1155 2501 1289 2542 fructus,
1314 2502 1459 2534 redditus
1487 2507 1516 2535 et
1536 2509 1708 2545 proventus

50 2549 163 2602 ⁰3⁹⁸}'a'2'0’23
175 2547 313 2588 tertiam,
340 2559 376 2581 ac
395 2548 489 2580 etiarn
512 2548 767 2591 praeposituram
789 2548 820 2582 S.
848 2550 922 2582 Bar-
963 2551 1105 2583 eiusdem
1124 2551 1366 2594 praepositurae
1383 2561 1572 2595 suppressae
1588 2553 1709 2595 capitu-

49 2610 164 2634 tumm-
176 2595 351 2631 tholomaei
367 2597 577 2632 ecclesiarum
602 2597 810 2641 huiusmodi,
838 2611 921 2643 qnae
939 2599 942 2643 ξ
963 2600 1022 2634 lari
1049 2610 1175 2642 mensae
1204 2600 1235 2633 S.
1267 2600 1380 2635 Leonis
1406 2601 1451 2635 sic
1478 2602 1648 2635 translatae
1678 2606 1709 2635 ct

1717 215 1756 243 An
1793 214 1820 240 C.
1838 215 1886 242 157

1715 276 1742 295 cti
1752 275 1897 296 Harstmluunei

1715 306 1796 326 tertiam
1808 310 1826 326 et
1837 312 1888 332 quur

1715 339 1754 356 tam
1787 337 1896 356 constituit

1715 369 1838 392 dignitates,

1737 915 1796 937 Novo
1810 916 1897 944 captiu-

1712 946 1740 971 lo,
1757 948 1775 967 in
1792 949 1846 968 dun-
1862 954 1897 968 au-

1713 980 1825 1003 gmentum,
1832 978 1853 998 St
1863 978 1897 998 Ni-

1713 1009 1766 1029 colai
1782 1010 1895 1036 parochia-

1713 1041 1754 1061 lem
1783 1040 1896 1062 ecclesiam

1713 1072 1797 1097 addixit;
