2059 3228
27 247 74 276 Aa.
87 247 116 274 C.
138 248 202 275 1575

832 238 1006 264 cnssconws
1029 239 1084 263 xm
1103 239 1151 263 PF.

219 313 293 336 rum
320 303 469 346 partium*
492 301 613 334 incolas
643 301 796 344 privatam
821 299 880 332 sibi
912 298 966 331 ad-

218 361 342 389 struere
363 355 466 396 legem
487 364 551 386 nou
565 353 737 392 dubitasse,
760 358 862 385 ettam
879 351 965 384 illius

219 408 328 449 vigore
338 417 434 450 quam
447 407 601 449 pessimae
616 404 869 443 consuetudinis,
883 415 964 447 quae

219 461 296 493 inibi
324 459 468 499 invaluit,
498 464 662 502 praetextu
687 468 830 490 asserere
868 456 965 489 licere

219 513 313 557 ipsis,
343 512 530 557 praesertim
565 512 590 544 si
615 511 737 544 nobiles
765 510 900 549 suerint,
932 515 967 542 ut

187 561 189 563 ¹
218 566 417 608 ubicumque
437 565 543 607 agitur
563 566 601 597 de
621 563 740 597 tuendo
764 563 888 595 honore
911 568 963 595 aut

47 1208 165 1235 Udaque
181 1212 207 1229 ex

25 1239 90 1262 duelli
105 1242 126 1261 οι
143 1239 209 1260 'bun-

25 1269 92 1293 dit-m
139 1270 210 1293 ortun-

26 1303 68 1325 nr.

60 2097 162 2120 Poonain
171 2101 217 2121 eon.

38 2131 74 2159 qui
98 2130 119 2150 in
147 2127 218 2149 duello

39 2285 93 2308 flm-

218 619 418 663 reparando,
454 624 505 651 aut
529 617 647 650 iniuria
672 615 906 659 propulsanda,
927 616 966 648 ab

219 671 358 705 amicitia
373 671 551 710 discedere,
572 669 755 702 inimicitias
770 674 800 701 ct
816 668 967 701 sactiones

213 726 302 758 inter
322 736 354 757 sc
375 735 522 758 exercere
537 751 544 761 ‚
565 723 714 756 satellites
731 728 762 755 et
780 722 857 754 varii
869 732 965 764 gene-

220 780 263 811 ris
289 785 429 811 armatos
459 777 606 811 homines
626 777 744 809 ducere
768 780 799 808 et
821 775 967 819 privatim

219 832 357 872 habere,
393 831 514 865 amicos
538 835 569 863 et
599 829 797 862 necessarios
819 828 859 861 ad
879 839 968 861 arma

219 885 376 926 excitare,
401 884 517 922 damna
543 882 679 916 vicissim
704 881 862 914 hostiliter
885 891 967 924 quo-

219 948 285 982 quo
310 937 405 970 modo
426 936 541 969 asserre
555 962 562 975 ,
590 940 640 976 et,
663 940 698 968 ut
721 935 763 967 ibi
785 934 847 967 dici
868 935 965 973 solet,

219 989 434 1023 handositates
449 999 597 1022 exercere
608 1014 616 1029 ,
643 989 674 1020 in
684 998 776 1031 grave
788 987 967 1020 animarum

219 1048 354 1089 suarum
377 1041 564 1087 periculum
585 1052 622 1074 ac
641 1040 875 1085 praeiudicium
895 1041 968 1085 plu-

219 1095 391 1130 rimorum.

263 1149 280 1193 ς
303 1148 336 1182 3.
362 1149 435 1189 Nos,
450 1148 558 1181 animo
575 1148 771 1181 revolventes
781 1147 966 1192 praemissa,

221 1212 305 1246 quae
324 1201 358 1235 in
376 1201 500 1244 regnis,
527 1200 710 1245 principatu
723 1207 753 1233 et
768 1200 970 1234 comitatibus

222 1254 394 1300 praedictis
413 1254 512 1295 fiunt,
544 1265 582 1287 eo
612 1253 726 1287 maiori
751 1264 845 1297 egere
864 1264 968 1287 reme-

222 1303 295 1350 dio,
320 1319 416 1353 quam
437 1308 544 1341 duella
564 1308 649 1351 ipsa,
675 1318 739 1351 quo
773 1318 830 1350 per
849 1307 969 1341 exerci-

220 1367 291 1396 tum
303 1361 505 1395 banditatum
517 1360 703 1394 huiusmodi
713 1361 858 1403 graviora
873 1371 969 1404 quam

221 1425 260 1449 ex
278 1414 395 1448 duellis
414 1414 491 1458 ipsis
511 1415 662 1447 oriuntur
682 1419 711 1446 et
731 1414 970 1458 subsequuntur

223 1469 327 1508 mala;
352 1467 450 1501 huius
482 1467 566 1501 enim
587 1467 790 1500 detestandae
811 1467 856 1499 rei
877 1477 970 1500 occa-

222 1520 333 1562 sione,
368 1521 600 1565 quamplurimi
632 1521 676 1554 ibi
705 1514 789 1553 fiunt
815 1519 921 1553 sicarii
941 1525 972 1553 et

223 1574 420 1619 praedones,
443 1575 511 1618 qui,
533 1585 606 1607 cum
628 1585 646 1607 a
665 1573 899 1618 potentioribus
927 1573 972 1606 la-

222 1627 365 1661 ctionum
379 1627 550 1672 capitibus,
570 1638 634 1675 qua
649 1627 785 1670 quisque
797 1632 901 1670 potest
909 1638 972 1659 ma-

222 1680 284 1714 iori
304 1690 402 1713 manu
417 1687 448 1714 et
462 1691 611 1721 numero,
630 1680 757 1724 privatis
770 1680 851 1714 odiis
866 1680 972 1713 inimi-

173 1726 183 1735 “
223 1733 371 1778 cittisque
401 1733 587 1766 exercendis
612 1734 779 1774 foventur,
807 1733 901 1766 etiam
941 1733 972 1766 in

1666 229 1702 259 '17

1004 289 1158 330 dicanda,
1189 295 1241 322 aut
1268 290 1346 323 alias
1375 290 1571 328 simultates,
1604 287 1749 320 banuosi·

1005 347 1082 374 tates
1108 348 1325 384 nuncupatas,
1352 352 1499 375 exercerc
1525 350 1749 384 praesumpse-

1005 395 1084 435 rint,
1103 400 1131 427 et
1153 395 1401 438 praemissorum
1417 394 1584 427 occasione
1600 393 1750 426 satellites

1005 453 1033 479 ct
1055 453 1194 480 armatos
1214 448 1360 481 homines
1387 459 1518 489 vocare,
1544 452 1598 480 aut
1614 446 1699 491 apud
1716 458 1749 478 se

1005 501 1051 533 vel
1072 500 1103 533 in
1124 501 1217 533 terris
1236 507 1266 533 et
1286 500 1435 533 dominiis
1454 502 1499 533 vel
1517 500 1666 533 domibus
1686 499 1750 531 suis

1005 559 1060 586 aut
1071 553 1160 593 alibi,
1184 552 1312 596 publice
1328 554 1373 585 vel
1389 554 1524 592 occulte,
1535 553 1680 597 recipere
1696 558 1747 584 aut

1006 606 1143 639 retinere
1180 606 1228 638 vel
1256 607 1360 638 fovere
1400 606 1529 649 propria
1564 605 1751 638 auctoritate

1005 659 1075 691 ausi
1105 659 1243 698 suerint,
1275 658 1396 701 quique
1429 659 1643 698 necessarios,
1674 670 1750 690 cou-

1006 711 1217 754 sanguineos,
1249 711 1359 744 aflines·
1390 716 1420 743 et
1449 712 1568 743 amicos
1590 711 1619 743 in
1641 711 1751 744 sactio-

1006 776 1079 797 ncm
1101 771 1131 798 et.
1154 771 1260 808 partes
1295 776 1369 797 suas
1404 770 1515 797 contra
1547 764 1683 807 aliquem
1706 765 1751 797 iel

1006 818 1131 862 aliquos
1150 817 1376 857 excitaverint.;
1403 828 1578 859 ouansque
1607 817 1660 860 qui
1689 818 1752 850 ive-

1008 872 1070 904 rint
1089 877 1144 904 aut
1163 882 1251 903 arma
1268 881 1326 914 pro
1345 870 1526 914 praemissis
1546 871 1751 913 suum-scrin&

1008 925 1129 968 quique
1154 936 1251 968 super
1271 924 1320 957 liis
1340 925 1436 957 rebus
1461 923 1552 956 alteri
1568 924 1751 964 consilium,

1008 978 1161 1011 auxilium
1179 979 1227 1010 vel
1243 978 1382 1010 savorem
1400 976 1626 1021 praestiterint,
1644 981 1754 1009 aucto-

1010 1042 1096 1064 resve
1116 1036 1172 1064 aut
1196 1041 1343 1064 suasores
1368 1030 1506 1068 suerint;
1540 1040 1665 1062 necnon
1699 1028 1754 1072 qui

1008 1085 1066 1117 sub
1088 1090 1252 1128 praetextu
1272 1084 1392 1119 abusus
1411 1083 1597 1115 huiusmodi
1613 1082 1754 1125 aliquem

1009 1137 1249 1181 provocaverint
1279 1143 1334 1170 aut
1365 1136 1411 1168 illi
1431 1136 1674 1180 quomodolibet
1692 1135 1755 1167 vim

1009 1191 1192 1231 intulerint,
1212 1190 1331 1234 quique
1349 1200 1417 1222 eam
1432 1195 1632 1232 praetensam
1652 1189 1755 1231 legem

1009 1250 1065 1277 ant
1084 1244 1353 1277 consuetudinem
1373 1242 1493 1275 licitam
1509 1247 1538 1274 et
1548 1252 1613 1274 non
1623 1241 1756 1275 omnino

1010 1299 1193 1331 damnatam
1213 1307 1281 1330 esse
1301 1296 1516 1335 asseruerint,
1539 1295 1758 1328 excommuni-

1010 1352 1140 1392 cationi,
1163 1350 1368 1390 anathemati,
1388 1348 1622 1389 maledictioni,
1640 1359 1756 1392 perpe-

1010 1412 1083 1438 tuae
1099 1404 1261 1445 infamiae,
1288 1402 1476 1436 diffidationi
1500 1402 1756 1444 criminibusque

1010 1461 1113 1492 laesae
1152 1457 1341 1497 maiestatis,
1382 1456 1564 1496 seditionis,
1608 1455 1758 1488 rebellio-

1011 1512 1079 1553 nis,
1116 1510 1353 1545 confiscationis
1396 1515 1427 1543 et
1469 1509 1654 1553 privationis
1693 1514 1756 1541 sta-

1011 1571 1102 1598 tuum
1129 1571 1160 1598 et
1179 1564 1396 1597 dominiorum
1416 1574 1452 1595 ac
1473 1562 1641 1595 feudorum
1663 1567 1691 1594 et
1714 1561 1758 1593 vi-

1012 1619 1191 1652 cariatuum
1217 1623 1247 1651 et
1268 1617 1412 1650 omnium
1436 1616 1573 1649 aliorum
1597 1615 1757 1648 bonorum

1013 1682 1158 1712 suorum,
1172 1681 1298 1704 necnon
1315 1669 1521 1703 inhabilitatis
1536 1669 1575 1701 ad
1591 1669 1644 1701 illa
1655 1674 1685 1701 et
1697 1668 1759 1701 alia

1013 1727 1222 1769 imposterum
1239 1724 1426 1763 obtinenda,
1449 1733 1486 1756 ac
1505 1722 1675 1761 interdicti,
1693 1732 1760 1755 om-

225 1786 366 1820 diversas
381 1786 460 1819 alias
477 1786 590 1819 caedes
605 1792 633 1819 et
646 1785 815 1819 latrocinia
829 1797 865 1820 ac
877 1786 974 1819 sacri·
1013 1779 1172 1822 llibUSqUe
1193 1777 1262 1810 {iliis
1280 1777 1425 1810 CssssSUl‘iS
1439 1782 1469 1809 et
1480 1775 1591 1819 POessiS
1607 1774 1758 1808 ecclesia-

224 1838 308 1882 legia
339 1839 465 1883 aliaque
490 1839 625 1872 crimina
654 1845 890 1883 prorumpunt,
925 1839 973 1872 di„
1013 1832 1116 1872 sticis,
1134 1831 1227 1864 etiam
1243 1829 1476 1873 temporalibus
1496 1828 1681 1872 praedictis,
1701 1839 1754 1871 pei

225 1902 346 1936 gnum,
379 1893 458 1936 quin
478 1892 584 1936 potins
604 1892 765 1933 debitum,
787 1892 974 1925 auctoritate
991 1884 996 1914 1
1014 1886 1136 1918 litteras
1171 1883 1351 1928 praedictas
1388 1888 1499 1916 contra
1523 1882 1700 1915 duellantes
1729 1887 1760 1914 et

227 1950 338 1979 nostra
361 1956 429 1979 csse
459 1946 645 1979 censuimus
663 1946 701 1979 iis
720 1952 903 1990 opportuna
922 1946 975 1979 ad-

227 1997 342 2033 hihere
360 1999 513 2032 remedia.
728 2039 732 2046 ,

274 2051 292 2095 5
312 2051 345 2094 4.
366 2052 432 2085 Hac
458 2052 565 2096 itaque
592 2058 701 2086 nostra
726 2058 881 2097 perpetuo
901 2054 977 2086 vali-

232 2109 305 2138 tura
317 2104 542 2139 constitutione
562 2106 723 2139 sancimus
734 2113 761 2139 et
775 2106 977 2139 decernimus

36 2161 220 2213 ffgssmiffsffi
234 2156 322 2201 quod
353 2168 464 2192 omnes
488 2165 519 2192 et
539 2159 676 2202 singuli,
713 2159 835 2192 etiamsi
857 2160 974 2199 duces,

37 2222 184 2247 huna-rinnai
193 2220 224 2241 lo-

38 2259 86 2275 cun
102 2256 220 2275 concesse-

235 2210 416 2254 principes,
443 2212 667 2254 marchiones,
694 2213 846 2253 comites,
885 2213 978 2245 baro-

235 2273 293 2298 nes
316 2268 348 2296 et
365 2263 418 2303 alii
437 2264 557 2297 domini
576 2266 769 2309 temporales
788 2266 907 2299 suerint
930 2266 978 2298 di-

236 2322 364 2350 ctorum
389 2326 563 2358 regnorum
578 2345 585 2358 ,
615 2319 813 2362 principatus
832 2324 862 2352 et
882 2319 980 2352 comi-

237 2371 382 2409 tatuum,
424 2369 479 2412 qui
505 2369 538 2402 in
566 2371 673 2404 duello
693 2372 904 2415 pugnaverint
927 2378 981 2405 aut

216 2455 223 2463 ⁸
237 2418 420 2451 duellorum
440 2419 488 2451 vel
507 2419 718 2461 gladiatorum
740 2432 816 2453 usus
834 2432 982 2454 exercue-

236 2466 322 2507 rint,
358 2466 465 2499 locum
492 2472 548 2499 aut
571 2478 721 2511 campum
740 2469 840 2502 libere
860 2470 898 2502 ad
919 2481 980 2513 pu-

237 2514 403 2559 gnandum
429 2515 646 2548 concesserint
667 2517 717 2549 vel
735 2518 980 2560 assignaverint,

237 2563 288 2596 vel
307 2562 402 2596 etiam
431 2572 489 2607 pro
509 2574 566 2596 sua
580 2564 628 2596 vel
647 2564 742 2597 amici
769 2571 824 2598 aut
851 2566 982 2609 propin-

241 2610 298 2654 qui
310 2637 319 2652 ‚
341 2611 571 2656 consanguinei
590 2612 639 2645 vel
659 2612 760 2646 affinis
780 2613 897 2647 iniuria
915 2615 984 2648 vin-

1014 1934 1094 1967 alios
1115 1933 1294 1977 praedictos
1313 1931 1616 1976 quomodocumque
1636 1935 1666 1962 et
1679 1940 1760 1973 qua-

1015 1982 1230 2025 litercumque
1250 1980 1470 2019 comminatis,
1496 1989 1574 2022 quas
1595 1983 1760 2011 contrave-

1016 2031 1138 2064 nientes
1158 2041 1195 2063 eo
1211 2029 1279 2073 ipso
1291 2035 1319 2062 et
1331 2029 1451 2071 absque
1471 2028 1531 2060 alia
1546 2027 1761 2060 declaratione

1017 2080 1193 2119 incurrant,
1227 2084 1257 2111 et
1281 2077 1474 2111 intestabiles
1493 2076 1582 2109 fiant.

1061 2128 1075 2171 ξ
1099 2127 1130 2160 5.
1158 2127 1353 2160 Subiicimus
1373 2136 1492 2169 poenas
1504 2124 1704 2168 praedictas,
1730 2130 1761 2158 et

1018 2176 1043 2210 si
1068 2176 1274 2209 ecclesiastici
1298 2175 1425 2215 fuerint,
1451 2174 1546 2207 etiam
1564 2174 1713 2207 omnibus
1732 2178 1762 2207 et

1018 2224 1151 2268 singulis
1171 2224 1331 2264 ecclesiis,
1358 2223 1577 2263 monasteriis,
1603 2222 1763 2265 dignitati-

1018 2275 1078 2307 bus
1098 2279 1128 2306 et
1153 2274 1222 2305 aliis
1245 2273 1409 2306 beneficiis
1446 2271 1668 2305 ecclesiasticis
1705 2282 1764 2315 per

1020 2333 1074 2356 eos
1091 2322 1239 2361 obtentis,
1269 2332 1324 2353 seu
1347 2322 1377 2353 in
1393 2321 1509 2364 quihus
1528 2321 1604 2354 etad
1615 2332 1696 2365 quae
1714 2321 1764 2354 ius

1020 2372 1065 2404 eis
1085 2370 1235 2414 competit
1252 2397 1258 2409 ,
1285 2380 1322 2403 eo
1349 2369 1418 2414 ipso
1438 2375 1468 2403 et
1487 2370 1607 2414 absque
1627 2371 1689 2403 alia
1708 2371 1763 2403 de-

1022 2419 1195 2453 claratione
1216 2419 1344 2462 privati,
1379 2424 1410 2452 et
1436 2419 1474 2452 ad
1495 2419 1548 2452 illa
1572 2425 1603 2452 et
1621 2419 1682 2451 alia
1703 2419 1755 2451 im-

1023 2474 1185 2513 posterum
1223 2467 1395 2500 obtinenda
1431 2467 1588 2501 inhabiles
1611 2468 1762 2505 existant;

1023 2527 1148 2550 necnon
1188 2516 1252 2555 illa,
1283 2521 1446 2564 tamquam
1470 2528 1528 2560 per
1557 2516 1764 2559 privationem

1024 2564 1207 2598 huiusmodi
1236 2564 1379 2597 vacantia
1397 2591 1404 2605 ,
1444 2565 1482 2598 al]
1503 2565 1574 2598 aliis
1603 2565 1764 2609 impetrari

1025 2613 1162 2658 possint,
1186 2613 1333 2646 volumus
1351 2618 1381 2646 et
1401 2613 1615 2647 decernimus.

1764 235 1812 261 An.
1834 233 1943 261 c.157.⁹·

1800 2133 1959 2155 aeclesiasticis

1774 2166 1835 2187 bonis
1842 2167 1958 2192 privantur,

1776 2198 1793 2217 si
1816 2196 1959 2218 ecclesiastici

1776 2228 1863 2249 suerint.
