2059 3228
313 232 396 265 1018

268 293 372 326 alieno
400 291 531 335 gravati,
553 296 583 323 et
603 289 657 333 qui
679 293 772 322 antea
799 286 1013 320 facinorosam

268 345 362 378 vitam
383 343 557 383 duxissent,
589 342 621 374 in
645 341 730 375 dicta
763 340 1014 383 congregatione

268 397 531 435 admitterentur;
550 395 678 438 aliaque
692 395 828 437 diligens
842 404 939 438 super
954 394 1016 426 hoc

269 449 446 493 inquisitio,
460 448 593 492 ipsaque
611 447 754 492 receptio
773 447 948 481 volentium
969 446 1016 478 di—

269 508 350 536 ctam
371 502 654 545 congregationem
675 500 815 544 ingredi,
837 500 871 534 in
890 500 1016 533 civitate

268 556 509 595 Mediolanensi,
536 555 575 588 ad
596 565 693 598 quam
713 554 925 598 postlongam
942 562 1018 596 pro-

268 609 433 646 bationem
454 621 471 642 a
492 609 584 649 locis,
603 609 635 641 in
660 608 779 652 quibus
798 607 932 651 praefati
948 607 1018 639 fue-

269 663 345 701 rint,
372 667 544 706 propterea
573 661 758 702 mitt-untur,
791 671 809 693 a
832 660 1018 704 praeposito

269 715 411 757 generali
433 720 463 748 et
482 720 623 758 quatuor
637 714 860 747 assistentibus
875 713 1018 746 ciusdem

270 768 528 811 congregationis
548 768 651 801 tieret.

315 821 380 864 §2
403 821 579 856 Novissime
602 831 677 855 vero
701 826 812 854 nostra
846 821 877 853 in
903 830 1019 864 perpe-

73 879 257 935 Ρηῃῑξὶῑηὲῑῧγέξξῗ
271 880 362 908 tuum
399 875 536 908 valitura
569 874 800 908 constitutione
829 884 927 917 super
959 873 1020 905 lioc

72 941 167 976 raama·
188 945 256 960 rece·
273 928 368 967 edita,
406 928 578 961 statuimus
608 938 645 960 ac
677 926 839 960 voluimus
863 932 899 959 ut
931 931 1018 959 ante-

72 976 195 1034 ζζζζιζζῗ
213 978 255 991 W
271 992 369 1026 quam
389 981 463 1026 quis
482 980 515 1014 in
534 981 648 1014 eadem
669 980 922 1023 congregatione.
942 979 1023 1013 reci-

272 1040 416 1079 peretur,
442 1045 558 1069 causae
587 1034 774 1067 huiusmodi
799 1033 1022 1066 examinaren-

271 1095 338 1129 tur,
353 1088 486 1133 ipsaque
507 1087 650 1131 receptio
667 1087 700 1120 in
718 1087 862 1130 capitulo
877 1085 1022 1128 generali

272 1138 336 1170 sive
357 1136 545 1181 provinciali
561 1136 665 1169 dictae
676 1134 936 1178 congregationis
953 1133 1023 1166 fieri

273 1187 417 1227 deberet,
447 1191 545 1230 prout
564 1185 596 1217 in
617 1184 752 1227 singulis
786 1183 1024 1216 constitutioni-

273 1236 334 1269 bus
360 1235 534 1280 praedictis
558 1233 744 1278 plenissime
769 1232 890 1264 dicitur
920 1232 1024 1265 conti-

274 1285 357 1318 neri.

319 1335 334 1378 ἓ
354 1334 385 1368 3.
409 1333 488 1367 Cum
509 1339 628 1372 autem,
659 1332 742 1365 sicut
775 1331 886 1364 eadem
912 1330 1025 1373 petitio

121 1393 144 1413 Ε(
167 1393 215 1419 quia
236 1393 260 1427 ᾕ-
276 1383 502 1426 subiungebat,
534 1381 709 1426 presbyteri
740 1385 770 1413 et
791 1379 901 1413 clerici
921 1379 1026 1412 dictae

77 1427 260 1482 ζ’ξοῇζζῗζζξῗζᾙ
277 1431 537 1475 congregationis
549 1430 692 1463 nondum
707 1429 770 1462 sint
790 1429 822 1461 in
842 1428 1026 1472 provincias

77 1487 171 1526 '‘imi“
213 1491 259 1530 ἦψ-
277 1481 428 1519 distincti,
441 1491 479 1513 ac
493 1479 629 1524 proinde
648 1488 827 1521 numquam
848 1477 1027 1520 capitulum

78 1517 261 1573 iiifi'eiwpfoes'ienf
277 1530 486 1574 provinciale,
501 1529 651 1572 generale
667 1537 741 1560 vero
760 1527 886 1569 singulo
897 1536 1027 1570 quoque

78 1578 134 1630 {322⁶
150 1584 261 1634 ”3:233ss
279 1578 416 1613 triennio
451 1583 573 1610 tantum
603 1577 709 1609 facere
733 1586 770 1609 ac
794 1576 958 1609 celebrare
978 1584 1028 1607 so-

78 1642 209 1661 mmum„
239 1641 261 1659 nd
277 1629 352 1668 leat,
370 1627 479 1670 sicque
491 1625 658 1669 cupientes
678 1630 708 1658 et
718 1630 863 1668 petentes
879 1624 911 1657 in
925 1624 1028 1668 ipsam

79 1671 263 1730 ffiffssl⁰p¹¹fu¹fm¹ffij
278 1675 562 1720 congregationem
587 1673 702 1717 recipi,
733 1679 892 1716 cogantur
912 1683 1028 1716 expec-

81 1739 110 1753 urv
279 1732 358 1766 tare,
384 1726 487 1758 donec
507 1724 613 1767 ipsum
634 1722 812 1765 capitulum
833 1722 900 1761 siat,
923 1728 1028 1755 muta—

279 1781 374 1817 taque
399 1779 509 1819 postea
534 1783 646 1806 eorum
666 1772 829 1804 voluntate
858 1776 889 1803 et
908 1770 960 1814 pia
980 1771 1029 1803 in-

277 1823 435 1859 tentione,
457 1822 552 1854 aliam
581 1821 677 1853 vitam
713 1820 843 1863 eligant,
867 1820 899 1852 in
935 1819 1031 1852 maxi-

279 1882 366 1905 mum
380 1869 637 1913 congregationis
653 1869 843 1902 huiusmodi
863 1869 1030 1909 damnum,

280 1919 515 1963 praeiudicium
536 1924 567 1951 et
585 1918 843 1955 incommodum,

324 1969 339 2010 ’,ξ
362 1967 393 2001 4.
417 1968 522 2007 Quare
542 1967 746 2010 praepositus
765 1965 937 2008 generalis,
960 1976 1031 2009 pre-

126 2017 398 2051 consrexauo-sbrteri
428 2022 458 2049 et
483 2016 591 2049 clerici
621 2015 776 2059 praedicti
810 2014 903 2047 nobis
923 2014 1031 2046 humi-

84 2058 153 2083 itaque
179 2064 191 2076 a
212 2056 267 2082 Papa

71 240 124 267 An.
141 239 171 268 C.
190 240 255 268 1588

84 2087 267 2113 ,mffiuwnpffi
282 2065 355 2099 liter
378 2066 554 2110 supplicari
587 2066 733 2098 fecerunt
753 2071 788 2099 ut
807 2064 852 2097 eis
885 2064 917 2096 in
937 2075 1032 2107 prae-

85 2118 115 2136 ¹³¹·
268 2114 386 2149 ,missis
397 2119 579 2157 opportune
592 2114 761 2157 providere
782 2113 820 2147 de
836 2112 1032 2156 benignitate

283 2163 459 2206 apostolica
479 2163 699 2205 dignaremur.

327 2212 342 2255 ,ξ
362 2211 393 2244 5.
414 2212 476 2244 Nos
498 2212 614 2254 igitur,
645 2211 749 2243 <lictae
774 2209 1033 2252 congregationis

114 2266 270 2287 minoren·
285 2260 545 2304 amplitudinem,
568 2266 597 2294 et
618 2259 820 2303 singulorum
841 2258 874 2291 in
890 2258 945 2291 illa
960 2268 1035 2302 pro-

87 2298 137 2318 utet
151 2300 185 2318 dat
195 2302 270 2319 auctn-

86 2309 415 2356 1“menmuepffisectum,
437 2309 520 2341 inter
540 2315 662 2342 ceteras
682 2308 782 2341 nostri
808 2307 977 2351 pastoralis
986 2307 1034 2339 os-

88 2362 225 2386 ²³¹⁰0³¹¹⁵r¹²
235 2367 271 2381 ²³-
287 2357 350 2390 sicii
362 2368 466 2398 cuins,
483 2364 547 2391 tota
558 2357 656 2390 animi
669 2357 885 2401 propensione
899 2356 1034 2401 cupien-

88 2392 271 2448 iiiiem'iss'rispoi}
288 2411 344 2446 tes,
357 2407 506 2450 ipsosque
522 2407 743 2450 praepositum
754 2406 951 2449 generalem,
966 2416 1036 2449 pre-

89 2454 273 2510 ἶιζῗιξιζῗζωζξ
289 2455 429 2498 sbyteros
449 2462 479 2488 ct
511 2455 646 2488 clericos
665 2467 683 2487 a
717 2454 882 2498 quibusvis
907 2464 1035 2487 excom-

89 2516 273 2535 ·a,e‹...smuuo-
290 2502 527 2543 inunicationis,
554 2503 773 2547 suspensionis
807 2509 838 2536 et
872 2502 1035 2536 interdicti

326 2569 335 2593 1
361 2568 394 2595 ἰὲῑ
408 2575 493 2601 sur-ra
514 2568 540 2595 in
557 2568 619 2596 eius
639 2572 727 2596 const.
745 2574 813 2602 cxii,
835 2568 913 2602 Cum,
930 2568 961 2596 de
979 2575 1037 2595 om-

290 2610 377 2643 uibus,
399 2618 458 2644 pag.
481 2611 543 2638 951,

856 233 1035 259 BULLARIUM
1055 233 1206 257 ROMANUM

1814 231 1864 259 An.
1881 231 1910 260 G.
1927 232 1969 266 §¹v
1983 262 1986 263 ⁷
2013 223 2014 237 ἢ

1054 286 1191 329 aliisque
1210 285 1433 319 ecclesiasticis
1458 286 1634 326 sententiis,
1655 284 1800 319 censuris
1813 299 1840 329 ng
1856 297 1899 314 non
1917 297 1955 328 im!
2014 307 2016 318 .

1055 345 1086 373 et
1102 339 1224 383 poenis,
1247 349 1265 372 a
1294 338 1363 372 iure
1382 339 1431 372 vel
1463 339 1504 372 ab
1521 339 1666 380 homine,
1689 339 1801 383 quavis
1813 325 1877 377 2:31⁶?
1910 328 1991 348 '⁰⁰¹³'—

1055 393 1224 427 occasione
1244 392 1292 425 vel
1318 403 1415 425 eausa
1434 392 1516 431 latis,
1539 391 1564 424 si
1584 392 1707 435 quibus
1720 403 1801 434 quo-

1056 445 1235 478 modolibet
1255 445 1399 478 innodati
1422 445 1573 485 existunt,
1595 445 1635 478 ad
1654 445 1802 478 effectum

1056 499 1277 542 praesentium
1319 499 1484 531 dumtaxat
1518 497 1781 542 consequendum
1794 525 1802 539 ,

1057 552 1172 584 harum
1193 552 1275 585 serie
1294 552 1494 585 absolventes
1514 556 1545 584 et
1564 550 1728 584 absolutos
1738 551 1806 584 sore

1058 611 1237 647 censentes,
1263 617 1300 639 ac
1314 605 1456 639 veriores
1474 610 1603 638 nostrae
1619 609 1807 647 etrcongre-

1058 658 1195 702 gationis
1215 659 1482 692 constitutionum
1504 657 1741 702 praedictarum
1762 663 1808 690 te-

1059 723 1154 746 nores
1174 712 1397 756 praesentibus
1420 722 1479 755 pro
1503 710 1663 754 expressis
1685 711 1807 744 liaben-

1060 771 1118 806 tes,
1137 764 1324 798 huiusmodi
1345 764 1806 808 supplicationibusinclinati,

1061 819 1244 862 praeposito
1263 818 1418 861 generali,
1432 817 1624 862 presbyteris
1633 823 1664 851 et
1682 817 1809 851 clericis

1061 871 1246 915 praedictis,
1269 872 1356 915 quod
1385 882 1423 904 ex
1446 872 1541 904 nunc
1563 871 1715 915 deinceps
1734 880 1809 914 per-

1062 925 1168 969 petuis
1197 925 1314 958 futuris
1337 924 1538 967 temporibus
1567 923 1744 956 modernus
1769 927 1811 956 -et

1063 989 1122 1022 pro
1146 984 1291 1022 tempore
1320 978 1458 1011 existens
1482 976 1685 1021 praepositus
1715 986 1811 1020 gene-

1063 1031 1151 1072 ralis,
1182 1031 1332 1074 illiusque
1359 1030 1554 1068 assistentes,
1589 1039 1810 1073 quoscumque

1065 1085 1233 1129 cupientes
1265 1084 1297 1116 in
1318 1084 1403 1117 dicta
1423 1083 1672 1126 congregatione
1695 1082 1808 1126 recipi,

1065 1138 1121 1182 qui
1135 1144 1243 1172 tamen
1254 1149 1272 1171 a
1283 1136 1510 1170 constitutione
1525 1141 1634 1169 nostra
1647 1135 1811 1180 praedicta

1065 1203 1130 1225 non
1150 1191 1397 1236 prohibeantur,
1409 1200 1474 1223 non
1490 1194 1657 1234 expectato
1670 1189 1811 1233 capitulo

1065 1245 1220 1288 generali,
1245 1227 1300 1277 §ed
1329 1253 1536 1287 quocumque
1560 1242 1623 1275 alio
1651 1247 1820 1286 tempore‚'

1066 1299 1105 1332 de
1117 1308 1274 1331 consensu
1289 1296 1433 1330 omnium
1444 1295 1672 1335 assistentium,
1684 1294 1812 1328 nemine

1066 1351 1194 1396 penitus
1208 1350 1424 1393 discrepante,
1445 1348 1590 1392 recipere
1601 1352 1632 1381 et
1644 1347 1812 1380 admittere

1067 1405 1167 1438 libere.
1192 1410 1222 1438 ct
1241 1403 1327 1436 licite
1347 1403 1483 1443 valeant,
1505 1401 1684 1446 apostolica
1701 1405 1813 1434 aucto-

1068 1460 1172 1498 ritate,
1194 1463 1305 1491 tenore
1330 1456 1559 1500 praesentium,
1586 1459 1745 1499 perpetuo
1763 1454 1814 1488 in-

1068 1513 1238 1555 dulgemus
1258 1538 1265 1551 ‚
1314 1511 1426 1553 eisquc
1468 1510 1608 1553 desuper
1651 1507 1815 1542 licentiam

1069 1565 1277 1600 concedimus
1302 1570 1333 1597 et
1356 1563 1571 1607 impartimur.
1603 1562 1816 1595 Decernentes

1069 1619 1287 1664 praepositum
1322 1616 1522 1660 generalem,
1553 1615 1757 1659 presbyteros
1786 1619 1817 1647 et
1849 1619 1862 1633 ·

1070 1673 1205 1706 clericos·
1232 1670 1412 1714 praedictos
1444 1669 1628 1702 nullatenus
1661 1675 1817 1711 umquam
1886 1659 1891 1664 ⁵

1071 1727 1209 1770 desuper
1233 1735 1290 1768 per
1317 1733 1541 1767 quoscumque
1573 1721 1819 1766 quomodolibet

1071 1778 1233 1812 molestari
1253 1778 1300 1811 rel
1322 1775 1472 1820 impediri
1495 1785 1601 1818 posse;
1622 1785 1659 1808 ac
1678 1785 1715 1807 ex
1730 1783 1818 1808 nunc

1072 1832 1198 1865 irritum
1224 1836 1255 1864 et
1292 1830 1388 1862 inane
1417 1829 1444 1862 si
1474 1838 1567 1861 secus
1597 1837 1695 1870 super
1722 1826 1772 1858 his
1798 1835 1818 1858 a

1072 1895 1235 1929 quoquam
1249 1911 1256 1921 ,
1293 1883 1405 1926 quavis
1441 1881 1645 1921 auctoritate,
1679 1880 1819 1913 scienter

1071 1940 1118 1972 rel
1140 1939 1339 1982 ignoranter,
1366 1934 1535 1978 contigerit
1559 1933 1722 1968 attentari.

1117 1994 1132 2034 ἓ
1152 1992 1181 2025 ὃ.
1204 1991 1273 2024 Non
1294 1989 1494 2023 obstantibus
1513 1994 1622 2021 nostra
1640 1985 1816 2031 praedicta,

1074 2058 1108 2079 ac
1125 2045 1290 2088 quibusvis
1309 2043 1379 2076 aliis
1399 2041 1682 2075 constitutionibus
1693 2046 1721 2073 et
1735 2039 1820 2074 ordi-

1074 2098 1259 2132 nationibus
1278 2094 1471 2140 apostolicis,
1492 2093 1673 2138 ceterisque
1693 2095 1821 2126 contra-

1075 2152 1130 2185 riis
1148 2151 1421 2195 quibuscumque.

1117 2204 1203 2238 Nulli
1228 2213 1304 2245 ergo
1328 2202 1476 2243 omnino,
1493 2206 1550 2235 etc.

1119 2257 1150 2291 Si
1170 2257 1242 2300 quis
1261 2261 1380 2296 autem,
1403 2260 1459 2288 ele.

1119 2312 1233 2344 Datum
1252 2310 1373 2343 Romae
1393 2309 1478 2353 apud
1513 2308 1544 2341 S.
1572 2308 1712 2347 Petrum,
1736 2316 1821 2340 anno

1075 2363 1309 2398 incarnationis
1333 2362 1515 2395 dominicae
1536 2360 1708 2394 millesimo
1728 2360 1822 2403 quin·

1076 2418 1252 2460 gentesimo
1289 2416 1508 2459 octuagesimo
1545 2420 1676 2454 octavo,
1717 2413 1821 2460 idibus

1077 2471 1195 2510 martii,
1218 2469 1426 2514 pontificatus
1444 2471 1546 2501 nostri
1566 2477 1652 2500 anno
1672 2476 1717 2500 in.

1119 2528 1179 2557 liat.
1194 2528 1239 2558 die
1259 2527 1411 2561 laniartii
1426 2525 1513 2560 4588,
1528 2525 1634 2565 pontif.
1649 2533 1726 2554 anno
1737 2531 1776 2552 ιιι.
1798 2546 1801 2547 ⁷

1898 1993 1962 2025 Contu·
1974 2002 1984 2012 ¹-

1833 2026 1929 2052 derogat.

1861 2193 1946 2215 Sanctia
1961 2197 1974 2220 ιι

1830 2226 1899 2247 mas.
