2059 3228
76 151 191 183 affin-1

63 2092 125 2114 tutto
157 2091 183 2112 nl

29 2123 34 2128 ”
85 2129 109 2146 οε
144 2122 185 2144 ho-

26 2161 27 2170 ι
75 2153 185 2176 tuthe-

88 2186 172 2214 isti-ont.

862 151 964 175 SlX'Tl'S
988 151 1006 173 V
1032 152 1077 174 ΙΨ.

202 208 259 237 aut
290 204 470 237 Romanum
505 204 691 237 Pontificem
727 214 784 247 pro
806 208 948 246 tempor«-

201 257 388 292 existentem
409 259 585 302 approbata
599 257 730 297 fuerint,
743 258 783 290 ab
800 256 949 289 (ιιιιιιίὶιιιμι

198 312 394 355 supradictis
422 312 712 355 gubernatoribus,
743 310 947 343 administra-

198 364 324 398 toribus
339 376 395 398 seu
412 365 584 409 deputatis,
609 363 806 403 oeconomis,
830 374 947 407 procu-

197 418 370 459 ratoribus,
395 418 596 458 officialibus,
620 417 785 457 ministris,
810 417 948 450 servien-

197 470 283 505 tibus
315 478 346 506 et
373 472 443 505 aliis
471 472 733 515 quibuscumque
772 470 848 503 inibi
889 481 947 513 pro

196 530 342 570 tempore
362 531 511 570 receptls,
540 525 766 558 inviolabiliter
785 523 944 556 observari

189 579 356 619 ,volumus;
378 591 414 612 ac
439 580 526 612 iuxta
550 578 740 612 eorumdem
760 576 945 619 dispositio-

194 647 270 671 nem
299 649 317 670 a
342 637 507 681 quibusvis
531 637 711 675 iudicibus,
743 635 868 667 sublata
901 634 945 667 eis

194 690 305 734 quavis
324 691 418 723 aliter
442 690 605 723 iudicandi
626 689 786 725 facultate,
809 687 943 719 india-ari
964 703 966 710 ι

194 749 226 778 et.
241 744 370 778 definiri
390 745 521 784 debcre3
543 749 573 777 ct
592 743 617 776 si
631 754 723 776 secus
742 753 841 800 super
861 741 910 774 liis
928 752 944 773 a

193 809 369 843 quoquam,
389 798 529 842 quavis
520 796 722 835 aiictoiitate,
744 795 882 827 scie-nter
897 795 942 827 iel

192 851 380 896 ignor-antei
399 857 555 885 attentare
577 848 964 915 eontinciit,iirituinet1

192 903 288 938 inane
305 905 522 938 decernimus.

237 957 317 1002 511.
339 959 408 992 Non
429 957 629 991 obstantibus
660 955 943 989 constitutionibus

193 1017 226 1046 et.
251 1012 510 1046 oidinationibus
543 1010 740 1055 ipostolicis‚
771 1020 807 1042 ae
839 1009 941 1043 dictam
962 1036 963 1055 ἢ

192 1065 297 1107 Urbis,
319 1067 515 1106 iuiamento,
538 1066 785 1099 confirmatione
813 1071 941 1108 aposto-

192 1119 255 1153 lica
277 1120 325 1154 vcl
349 1120 461 1163 quavis
484 1120 636 1153 firmitate
669 1119 731 1152 alia
761 1119 939 1159 roboratis,
961 1115 963 1120 ’

191 1173 318 1206 statutis
354 1179 386 1207 et
422 1173 730 1212 consuetudinibus3
767 1172 942 1215 privilegiis

191 1237 333 1271 quoque,
363 1226 495 1260 indultis
533 1233 564 1260 et
592 1226 707 1259 litteris
744 1226 938 1270 apostolicis,

192 1280 311 1314 eisdem
332 1280 427 1314 Urbis
446 1279 666 1323 gubernatori,
693 1279 844 1319 senatori,
867 1290 942 1313 con-

191 1334 419 1375 servatoribus,
439 1333 717 1372 reformatoribus,
735 1332 865 1373 vicario,
883 1344 940 1366 au-

192 1387 289 1421 ditori
314 1398 486 1421 causarum
511 1387 625 1420 Curiae
651 1386 754 1419 dictae
774 1386 938 1425 Gamerae,

192 1440 328 1485 aliisque
347 1441 496 1484 superius
509 1439 692 1481 nominatis,
708 1451 833 1473 necnon
850 1450 942 1484 prae-

192 1494 296 1528 dictae
320 1494 396 1528 Urbi
421 1500 452 1527 et
471 1494 594 1538 Populo
615 1494 771 1533 Romano,
791 1493 849 1526 snb
869 1493 941 1537 qui-

191 1547 394 1592 buscumque
418 1548 586 1580 tenoribus
610 1553 638 1580 et
665 1547 788 1586 formis,
811 1557 847 1579 ac
867 1557 941 1580 cum

192 1601 356 1645 quibusvis
376 1602 529 1635 clausulis
547 1607 577 1634 et
596 1600 744 1639 decretis,
772 1600 866 1633 etiarn
887 1600 943 1632 ite-

193 1654 269 1689 ratis
287 1655 410 1688 vicibus
434 1655 606 1695 concessis,
633 1653 817 1698 approbatis
842 1659 872 1686 et
892 1653 942 1685 in-

193 1708 328 1749 novatis,
347 1709 466 1752 quibus
486 1709 648 1749 omnibus,
668 1708 798 1741 illorum
816 1713 944 1740 tenores

193 1761 417 1806 praesentibus
454 1773 514 1806 pro
552 1761 747 1795 sufficienter
787 1760 944 1804 expressis

193 1815 361 1856 habentes,
396 1816 461 1849 illis
485 1816 562 1849 alias
587 1816 619 1848 in
644 1826 703 1848 suo
729 1815 845 1847 robore
870 1824 943 1857 per-

194 1869 366 1909 mansuris,
385 1869 446 1903 hac
473 1870 542 1903 vice
563 1870 737 1908 dumtaxat,
764 1868 946 1912 specialiter

195 1927 227 1955 et
249 1932 397 1966 expresse
421 1923 627 1966 derogamus,
662 1921 842 1964 ceterisque
868 1931 945 1953 con-

195 1975 303 2009 trariis
322 1975 599 2019 quibuscumque.

240 2029 327 2072 512.
358 2029 398 2062 Ut
417 2034 524 2063 autem
554 2029 616 2062 hoc
641 2028 729 2072 pium
756 2034 785 2060 et
807 2028 946 2060 salutare

197 2093 278 2127 opus
308 2082 452 2116 feliciora
478 2083 511 2116 in
535 2083 613 2122 dies,
638 2083 702 2114 Deo
732 2082 866 2121 favente,
893 2092 946 2114 su-

196 2136 313 2181 scipiat
330 2137 542 2177 incrementa,
556 2137 683 2170 eosdem
705 2135 946 2177 gubernatores,

197 2190 473 2224 administratoics
484 2201 542 2224 seu
559 2191 738 2233 deputatos,
752 2199 947 2229 oeconomos,

198 2243 438 2288 procuratore„
456 2243 609 2276 officiales
629 2249 657 2275 et
684 2242 846 2275 ministros
870 2241 947 2275 dicti

197 2295 366 2340 hospitalis
386 2297 478 2329 enixe
497 2297 665 2329 hortamin
685 2301 713 2328 et
731 2305 824 2327 nione
829 2306 899 2327 nins
916 2300 949 2327 ut

153 2363 158 2369 ·
199 2356 311 2379 curam
350 2345 450 2389 ipsius
491 2345 660 2389 hospitalis
701 2354 948 2397 pauperumque

200 2393 437 2434 mendicorum,
464 2394 520 2437 qui
546 2394 577 2426 in
603 2405 640 2427 eo
667 2393 879 2436 recipie·ntui
907 2393 948 2424 ita

200 2442 351 2476 alaciiter
370 2448 560 2486 etpiompte
576 2442 768 2485 suscipiant,
793 2452 949 2484 pauperes

200 2492 288 2536 ipsos
311 2491 476 2524 mendicos
500 2491 625 2524 sincera
650 2490 680 2522 in
706 2489 841 2522 Domino
867 2489 949 2521 cari-

202 2547 266 2576 tate
294 2547 442 2582 tractent,
469 2541 554 2574 bona
583 2539 775 2584 temporalia
804 2539 948 2573 eiusdem

1631 136 1695 169 853³

992 202 1158 245 hospitalis
1188 203 1324 235 titlelitcr
1348 207 1376 235 ct
1405 200 1580 245 prudenter
1608 198 1738 242 dispen-

990 261 1059 289 sent
1096 262 1123 288 et
1161 256 1396 294 administrent,
1438 266 1475 287 ac
1512 253 1643 286 dentum
1677 252 1740 296 piis

990 309 1175 342 huiusmodi
1197 309 1361 352 operibus,
1383 308 1422 340 ad
1443 307 1496 341 nei
1511 306 1647 347 gloriam
1660 316 1740 351 pau-

989 373 1171 405 perumque
1199 362 1368 395 utilitatem
1395 367 1426 394 ct
1450 361 1584 394 salntem
1610 370 1643 393 se
1672 359 1737 393 ser-

989 421 1098 449 rentci·
1118 421 1298 454 exeri-cant,
1323 421 1353 447 nt
1378 415 1504 454 exinde,
1521 419 1649 458 praeter
1668 423 1739 446 coe-

990 469 1076 502 lestis·
1105 469 1193 511 regni
1225 469 1379 512 praeunti,
1408 468 1503 501 etiam
1534 472 1676 500 nostram
1707 472 1739 500 et

988 523 1078 555 Sedis
1105 522 1307 565 Apostolieae
1336 521 1593 555 benedictionem
1613 526 1643 554 et
1663 531 1736 564 gra-

989 576 1063 609 tiam
1085 576 1237 618 consequi
1261 581 1456 608 mereantur.

1031 631 1046 672 ,ξ
1066 629 1118 662 13.
1147 629 1181 662 Et
1201 629 1275 671 qnia
1299 629 1427 661 ditlieile
1449 630 1526 662 sorct
1550 634 1736 672 praesentes

988 683 1107 715 litteras
1124 682 1162 715 ad
1183 682 1308 724 singula
1320 682 1389 715 loca
1401 682 1455 714 ubi
1472 681 1517 714 eis
1528 692 1610 725 opus
1625 682 1733 722 suerit,

986 736 1122 775 deferre,
1145 736 1292 769 velumus
1317 741 1351 768 ut
1376 746 1486 768 earum
1513 736 1733 779 transumptis,

985 789 1080 822 etiam
1119 789 1294 832 impressis,
1327 799 1425 821 manu
1458 788 1578 832 publici
1617 789 1734 822 notarii

985 842 1185 887 subscriptis,
1199 849 1227 876 et
1242 842 1347 884 sigillo
1364 852 1520 885 personae
1533 842 1564 874 in
1581 841 1735 885 dignitate

985 893 1200 926 ecclesiastiea
1227 893 1419 925 constitutae
1445 891 1591 932 munitis,
1622 892 1734 925 eadem

984 957 1117 991 prorsus
1150 947 1239 985 tides,
1263 947 1295 978 in
1324 945 1442 978 iudicio
1471 950 1502 978 et
1521 950 1609 978 extra
1640 945 1731 986 illud,

962 1002 963 1007 ’
985 1002 1102 1044 ubique
1118 1002 1321 1040 adhibeatur,
1335 1010 1417 1043 qnae
1433 1000 1642 1032 adhiberetur
1658 999 1734 1043 ipsis

983 1055 1207 1098 originalibus,
1222 1054 1247 1087 si
1260 1053 1521 1087 essentexhibitae
1530 1054 1730 1086 velostensae.

1026 1109 1110 1142 Nulli
1132 1119 1208 1151 ergo
1229 1107 1361 1140 omnino
1381 1107 1552 1140 hominnm
1568 1111 1626 1140 etc.

1029 1163 1143 1196 Datum
1164 1163 1284 1196 Romae
1304 1161 1390 1204 apud
1415 1162 1567 1194 Sanctum
1588 1161 1730 1202 Petrum,

983 1227 1067 1250 anno
1094 1214 1327 1249 Inearnationis
1346 1214 1533 1248 Dominieae
1562 1214 1732 1248 millesimo

961 1278 963 1296 ·’
982 1270 1240 1315 quingentesimo
1251 1268 1469 1311 octuagesimo
1479 1267 1626 1312 septimo,
1640 1268 1733 1311 quin-

983 1332 1014 1359 to
1035 1324 1107 1357 idus
1127 1323 1215 1363 maii,
1237 1322 1444 1366 pontificatus
1463 1322 1563 1355 nostri
1579 1332 1664 1354 anno
1684 1331 1729 1355 111.

1065 1378 1133 1421 EgJo
1153 1377 1262 1410 Sixrus
1286 1376 1460 1418 Episcopus
1478 1375 1655 1408 catholicae

1251 1429 1411 1463 Ecclesiae
1429 1430 1462 1472 ff.

1070 1485 1254 1528 Sequuntur
1275 1482 1361 1516 card.
1383 1483 1643 1526 subscriptiones.

1045 1542 1108 1572 Dat.
1124 1542 1171 1572 die
1188 1541 1220 1572 11
1239 1540 1310 1570 maii
1323 1540 1409 1577 1587,
1422 1540 1525 1580 pontif.
1540 1548 1617 1570 anno
1628 1548 1671 1570 111.

1282 1724 1436 1758 LXXXVI.

987 1816 1172 1849 Deam-atio
1192 1815 1274 1859 quod
1293 1814 1526 1858 suppellectilia
1552 1814 1594 1845 ad
1618 1814 1739 1846 cultum,

1030 1870 1176 1902 divinum
1205 1869 1368 1901 destinata
1387 1879 1444 1912 per
1467 1868 1591 1900 obitum
1609 1868 1737 1910 [ιναεὶιι-

1032 1927 1135 1956 torum
1167 1924 1200 1955 in
1229 1923 1335 1965 regynls
1353 1922 1594 1965 Hispaniarum
1615 1921 1738 1961 relicta,

1032 1977 1173 2019 capitula
1194 1977 1326 2008 debeant
1352 1976 1388 2007 de
1408 1975 1560 2007 nzausibus
1578 1974 1738 2017 yencralis

1031 2030 1204 2063 collectoris
1223 2029 1397 2071 spoliarier-t
1414 2028 1579 2068 Gamerae,
1602 2038 1666 2060 mm
1681 2038 1738 2060 au-

1034 2088 1095 2116 tem
1110 2084 1243 2127 propriu
1264 2083 1457 2115 auctoritate
1476 2082 1616 2124 recipere
1635 2080 1662 2114 1.

1032 2177 1127 2205 Sixtus
1134 2178 1203 2212 Papa
1213 2176 1243 2208 V.
1258 2176 1291 2204 ad
1303 2177 1464 2211 perpetuam
1474 2175 1515 2204 rei
1525 2170 1693 2204 memoriam.

1033 2248 1196 2280 Romanus
1216 2247 1371 2285 Pontifex,
1397 2246 1448 2279 cui
1469 2245 1658 2279 universalis
1678 2246 1737 2279 Ec-

991 2301 1106 2334 clesiae
1127 2312 1204 2333 cura
1222 2311 1238 2332 a
1264 2299 1397 2332 Domino
1419 2299 1589 2333 commissa
1610 2305 1667 2340 est,
1685 2311 1738 2333 su-

991 2365 1048 2397 per
1069 2355 1119 2393 iis,
1144 2365 1226 2397 qnae
1260 2354 1291 2386 in
1318 2353 1455 2386 favorem
1477 2353 1687 2386 eeclesiarum
1708 2358 1739 2386 et

991 2408 1086 2440 (lirini
1112 2408 1216 2440 cultus
1235 2418 1272 2439 ac
1297 2406 1374 2439 alias
1398 2417 1414 2439 a
1436 2406 1738 2450 praedecessoribus

991 2462 1057 2495 suis
1085 2464 1164 2494 faeta
1190 2472 1225 2492 av
1251 2461 1371 2493 sancita
1397 2466 1482 2500 sunt,
1512 2460 1537 2493 si
1567 2460 1736 2494 hominum

1027 2549 1037 2574 1
1061 2546 1101 2573 Ex
1120 2545 1229 2581 ttegest.
1247 2546 1273 2573 iu
1285 2545 1391 2574 Secret.
1409 2544 1491 2573 Brev.

1754 145 1806 173 An.
1824 146 1851 173 C.
1869 144 1936 175 ¹5⁸7

1778 643 1839 665 Fides
1861 650 1936 671 exea-

1751 675 1850 703 plorum..

1774 2256 1908 2279 procamium?
