2059 3228
145 263 201 289 An.
221 262 248 290 C.
269 264 336 290 1578

139 376 336 428 ηυξζῖῦξιξξξὶοζξ
349 378 461 411 horum
498 378 638 411 virorum
668 382 675 399 ¹

126 1497 128 1499 ,
169 1473 290 1503 Οἰιμξιὼιρ.

153 1957 268 1982 Deroga'io
279 1964 329 1980 cou-

135 1985 260 2004 trax-iorum.

394 264 457 297 *2⁹24

391 328 406 369 g
430 328 459 359 ¹1.
484 326 564 359 Huic
580 326 678 369 igitur
694 327 892 363 incommodo
912 341 947 363 ex
960 340 1022 373 quo
1034 339 1090 372 per

709 382 853 424 pervenit
887 383 1087 421 scandalum,

345 431 496 475 p1·aesenti
510 431 648 464 remedio
661 434 888 468 occurrendum
904 445 970 468 esse
986 434 1087 467 existi-

351 488 483 523 mantes,
507 484 731 519 commissariis
753 486 900 530 delegatis
916 498 934 520 a
949 488 1085 530 generali

346 536 493 569 ministro
517 547 573 573 seu
594 539 814 577 commissario
830 540 967 583 generali
992 541 1084 573 ultra-

343 593 494 622 montano
511 589 585 622 dicti
602 589 738 632 Ordinis,
757 602 811 625 seu
828 592 936 634 quavis
952 591 1084 626 auctori-

345 648 408 674 tate
433 642 465 674 in
490 641 600 676 fratres
622 643 762 677 eiusdem
786 644 911 677 Ordinis
933 644 1083 687 praedito,

344 704 406 734 eos,
431 704 520 736 quos,
544 694 654 728 habitu
672 697 808 739 regulari
823 697 949 730 dimisso
965 697 1005 729 ad
1020 707 1071 730 sae

343 747 448 781 culum
466 747 604 788 rediisse,
622 748 715 781 etiam
734 755 895 792 praetextu
908 749 1082 781 litterarum

348 798 602 842 apostolicarum,
636 802 860 844 tecognoverit,
884 813 920 834 ex
943 801 1085 844 partibus

343 851 504 890 indiarum
530 854 711 896 expellendi,
734 860 765 887 et
788 855 827 888 ad
843 856 951 888 domos
968 854 1002 886 in
1017 853 1086 896 qui-

345 904 404 936 bus
437 904 569 947 professi
603 906 744 947 fuerunt,
769 907 880 940 litteris
910 905 1086 949 apostolicis

344 966 399 998 per
413 957 648 1001 subreptionem
663 960 708 992 vel
719 960 939 1003 obreptionem
952 959 1086 992 obtentis

345 1018 408 1040 non
445 1009 658 1051 obstantibus,
687 1012 867 1052 revocandi,
896 1022 931 1044 ac
959 1012 997 1044 ad
1022 1011 1088 1043 illas

345 1060 527 1100 reducendi,
553 1072 589 1094 ac
612 1062 644 1095 in
668 1064 805 1103 eosdem,
830 1068 990 1106 tamquam
1007 1063 1088 1095 Reli-

344 1112 453 1154 gionis,
473 1113 658 1155 desertores,
675 1115 761 1148 iuxta
776 1126 884 1150 eorum
901 1125 1042 1154 excessus
1059 1121 1088 1148 et

342 1164 456 1201 delicta
499 1176 673 1210 eorumque
721 1168 878 1210 regularia
924 1168 1092 1210 instituta,

343 1216 633 1260 animadvertendi,
658 1220 782 1263 aliaque
811 1221 893 1254 circa
917 1221 1091 1265 praemissa

342 1270 517 1311 exequendi
547 1271 703 1305 licentiam
733 1278 761 1305 et
793 1274 991 1316 facultatem,
1014 1285 1089 1318 ῑψο-Α

343 1322 451 1354 stolica
483 1324 669 1361 auctoritate
685 1353 692 1366 ‚
722 1331 829 1361 tenore
852 1328 1088 1371 praesentium,

344 1375 555 1409 concedimus,

387 1428 454 1470 §2
480 1429 593 1472 Sicque
627 1437 685 1473 per
720 1442 937 1475 quoscumque
971 1432 1088 1466 iudices

343 1487 371 1514 et
397 1484 651 1525 commissarios,
684 1485 793 1528 quavis
821 1485 1007 1518 auctoritate
1030 1485 1088 1521 fu]-

344 1542 463 1577 gentes‚
489 1537 611 1569 sublata
635 1537 678 1570 eis
695 1543 722 1570 et
741 1548 851 1570 eorum
868 1537 995 1570 cuilibet
1012 1548 1087 1580 qua—

340 1588 385 1620 vis
401 1588 491 1621 aliter
515 1589 675 1622 iudicandi
693 1595 723 1623 et
739 1590 970 1634 interpretandi
990 1591 1086 1623 facul-

344 1647 406 1674 tate
434 1647 465 1675 et
493 1643 700 1683 auctoritate,
735 1643 854 1686 ubique
889 1643 1021 1676 iudicari
1049 1654 1084 1677 ac

341 1694 473 1728 definire
497 1695 629 1735 debere3
653 1695 844 1738 irritumque
868 1700 899 1728 et
923 1695 1015 1728 inane
1033 1696 1084 1728 de-

343 1748 512 1786 cernimus,
537 1748 562 1781 si
587 1758 675 1781 secus
693 1757 787 1790 super
811 1747 860 1780 his
876 1758 894 1780 a
913 1757 1083 1790 quoquam,

338 1801 449 1843 quavis
465 1801 664 1841 auctoritate,
681 1800 817 1833 scienter
830 1801 876 1833 vel
889 1801 1083 1844 ignoranter,

337 1854 507 1897 contigerit
530 1853 691 1887 attentari.

381 1907 396 1950 ἓ
419 1906 451 1940 3.
475 1907 542 1939 Non
566 1906 763 1939 obstantibus
785 1905 949 1952 quibusvis
972 1906 1084 1939 litteris

337 1959 515 2003 apostolicis
540 1959 579 1991 ad
596 1969 705 1991 eorum
723 1958 871 1998 favorem,
884 1957 942 1990 sub
955 1957 1084 2001 quibus-

339 2022 477 2054 cumque
489 2011 653 2045 sententiis
670 2016 700 2044 et
713 2010 832 2054 poenis,
845 2010 878 2042 in
887 2010 1082 2043 contrarium

337 2063 516 2104 concessis,
542 2063 658 2106 quibus
680 2062 838 2103 omnibus,
862 2073 973 2095 eorum
997 2067 1084 2095 teno-

341 2127 392 2149 res
414 2115 634 2159 praeseutibus
657 2126 715 2159 pro
739 2115 891 2159 expressis
914 2115 1082 2157 habentes,

337 2168 398 2201 illis
421 2168 499 2200 alias
522 2167 556 2200 in
580 2178 637 2200 suo
654 2168 768 2201 robore
783 2168 1007 2211 permansuris,
1025 2168 1084 2202 hac

338 2221 407 2253 vice
430 2220 604 2261 dumtaxat,
628 2221 803 2263 specialiter
826 2226 857 2254 et
872 2231 1015 2264 expresse
1031 2222 1083 2255 de-

338 2283 508 2315 rogamus,
543 2273 719 2316 ceterisque
753 2273 921 2306 contrariis
955 2274 1083 2317 quibus-

336 2336 482 2369 cumque.

380 2379 491 2411 Datum
506 2379 612 2412 Romae
625 2379 709 2422 apud
719 2379 866 2413 Sanctum
875 2379 1011 2420 Petrum,
1025 2379 1083 2412 sub

344 2433 462 2464 annulo
485 2433 664 2473 Piscatoris,
681 2432 732 2466 die
747 2442 802 2465 xiv
818 2431 892 2464 maii
908 2441 1082 2474 nanxvnl,

341 2485 543 2527 pontificatus
568 2486 667 2518 nostri
692 2495 774 2518 anno
797 2495 838 2518 v1.

382 2537 447 2570 Dat.
472 2538 523 2570 die
547 2538 591 2571 14
607 2538 681 2571 maii
700 2537 797 2579 4578,
814 2536 924 2581 pontis.
941 2546 1024 2570 anno
1039 2546 1081 2570 v1.

376 2645 385 2669 l
407 2644 490 2671 Forte
511 2654 542 2670 cz
560 2654 610 2677 qno
625 2646 808 2677 plurimorum
827 2643 864 2678 (n.
883 2643 928 2678 πη).

923 276 1111 302 BULLAmUM
1132 275 1295 302 ROMANUM

1413 328 1562 364 LXXXVI.

1116 416 1161 449 De
1184 425 1316 449 munere
1338 419 1365 449 et
1388 417 1530 450 electione
1547 419 1764 461 praelatorum
1786 430 1860 454 con-

1157 468 1347 510 9re9ationz's
1377 467 1407 501 S.
1433 468 1591 502 Bernardi
1614 470 1649 503 in
1672 470 1771 505 Italia
1792 483 1858 506 mo-

1158 521 1334 554 nachorum
1360 519 1490 554 Ordinis
1509 521 1718 556 Cisterciensis
1733 526 1856 567 repula—

1158 574 1204 606 ris
1229 572 1460 608 observantiae.
1484 579 1494 596 ¹

1162 661 1303 697 Gregorius
1325 662 1463 698 episcopus
1483 671 1577 692 servus
1596 671 1729 693 servorum
1750 665 1806 699 Del,

1263 712 1294 740 ad
1319 714 1469 746 perpetuam
1490 712 1528 740 rei
1549 713 1707 740 memoriam.

1157 793 1319 829 Romanus
1353 793 1515 834 Pontifex,
1549 804 1584 826 ex
1607 794 1774 828 commisso
1797 795 1856 828 sibi

1115 844 1250 888 desuper
1262 856 1278 879 a
1285 846 1453 889 postolicae
1470 847 1628 880 servitutis
1644 848 1756 889 officio,
1774 849 1857 882 circa

1115 898 1234 936 felicem
1270 904 1387 932 statum
1423 900 1625 934 ecclesiarum
1648 906 1678 933 et
1703 907 1858 934 monaste.-

1117 951 1236 983 riorum
1267 962 1303 984 ac
1333 951 1461 995 piorum·
1487 952 1633 988 locorum
1653 953 1797 986 omnium
1820 965 1856 987 ex

1116 1004 1287 1039 visceribus
1304 1005 1445 1038 caritatis
1461 1005 1637 1046 intendens,
1653 1016 1689 1038 ea
1705 1016 1762 1049 per
1777 1017 1858 1050 quae

1117 1056 1286 1098 ecclesiae,
1318 1058 1506 1092 monasteria
1530 1063 1560 1092 et
1584 1060 1650 1092 loca
1673 1058 1762 1102 ipsa,
1786 1070 1858 1093 eum

1116 1108 1170 1141 Dei
1196 1108 1324 1149 honore,
1354 1109 1386 1143 in
1409 1110 1625 1153 spiritualibus
1649 1117 1679 1144 et
1702 1116 1859 1155 tempora-‚-

1117 1160 1212 1201 libus,
1241 1161 1423 1194 salubribus
1443 1162 1611 1205 proficiant
1634 1163 1858 1207 incrementis,

1117 1223 1153 1245 ac
1169 1213 1299 1247 sublatis
1315 1214 1548 1247 dissensionum
1566 1216 1859 1261 discordiarumqoe

1117 1264 1262 1298 fomentis
1279 1271 1307 1298 et
1326 1266 1394 1299 aliis
1421 1268 1591 1301 contrariis
1609 1269 1810 1312 quibuslibet,
1826 1271 1859 1307 in

1106 1317 1161 1354 ,eis
1183 1318 1335 1361 regularis
1362 1320 1560 1354 observantia
1587 1323 1772 1367 divinusque
1795 1326 1860 1358 cul-

1118 1376 1166 1403 tus
1190 1371 1413 1406 inviolabiliter
1436 1373 1628 1416 observetur,
1644 1386 1859 1421 personaeque

1118 1424 1299 1467 religiosae,
1323 1426 1380 1461 sub
1403 1426 1490 1459 suavi
1515 1427 1684 1470 Religionis
1706 1429 1780 1473 iugo
1794 1457 1802 1471 ‚
1825 1430 1858 1464 in

1117 1488 1192 1521 pace
1216 1483 1246 1511 et
1270 1478 1396 1521 pietatis
1425 1481 1677 1522 mansuetudine,
1701 1482 1858 1519 Altissimo

1117 1536 1186 1564 vota
1216 1532 1347 1567 reddere
1361 1559 1368 1572 ‚
1393 1537 1423 1564 et.
1446 1532 1565 1565 fructus
1592 1533 1625 1567 in
1647 1533 1700 1566 Dei
1723 1534 1859 1567 Ecclesia

1115 1585 1256 1627 proferre
1284 1585 1405 1618 valeant
1435 1586 1627 1628 ampliores,
1651 1597 1687 1621 ac
1710 1587 1860 1620 christifi-

1114 1637 1229 1670 delium
1246 1637 1423 1671 animarum
1437 1638 1528 1671 saluti
1543 1639 1739 1681 cunsulatur,
1752 1639 1861 1672 statuit

1114 1696 1143 1724 et
1166 1690 1307 1731 ordinat,
1327 1696 1357 1723 et
1380 1690 1443 1723 iam
1468 1691 1603 1735 desuper
1627 1696 1744 1725 statuta
1759 1696 1791 1725 et
1805 1702 1856 1725 or·

1113 1743 1218 1776 dinata
1242 1742 1395 1786 approbat
1411 1749 1442 1776 et
1457 1743 1635 1783 confirmat,
1648 1744 1771 1787 aliaque
1786 1743 1860 1776 saeit

1112 1801 1143 1828 et
1165 1795 1314 1839 disponit,
1338 1800 1442 1839 prout,
1458 1796 1598 1839 pensatis
1615 1795 1860 1830 circumstantiis

1112 1848 1278 1889 universis,
1292 1847 1325 1880 id
1334 1847 1489 1892 conspicit
1501 1848 1535 1885 in
1548 1848 1683 1882 Domino
1692 1848 1860 1882 salubriter

1104 1900 1268 1944 expedire.

1155 1955 1170 1998 ἓ
1193 1954 1221 1987 1.
1247 1954 1327 1987 Sane
1350 1954 1538 1988 venerabilis
1562 1954 1660 1987 frater
1681 1959 1788 1989 noster
1810 1955 1859 1991 lo·

1112 2171 1183 2206 tur,
1216 2164 1347 2198 consilio
1362 2191 1369 2205 ‚
1394 2164 1432 2197 de
1456 2163 1601 2207 capitulis
1625 2174 1681 2206 per
1704 2164 1856 2206 abbates,

1103 2218 1266 2261 ¹praelatos
1289 2221 1324 2250 et
1337 2221 1512 2249 conventus
1526 2216 1791 2250 monasteriorum
1808 2216 1858 2250 Ci—

1112 2269 1288 2304 sterciensis
1312 2268 1448 2309 Ordinis,
1466 2268 1721 2311 congregationis
1738 2269 1768 2302 S.
1785 2268 1858 2302 Ber-

1111 2322 1200 2355 nardi
1236 2321 1273 2354 in,
1304 2321 1403 2362 ltalia,
1438 2321 1567 2354 Tusciae
1595 2326 1623 2354 et
1647 2321 1856 2355 Lombardiae

1111 2374 1344 2419 provinciarum
1361 2375 1496 2407 insimul>
1506 2374 1678 2415 unitarum,
1696 2374 1851 2417 regularis

1111 2427 1340 2467 Observantiae,
1351 2432 1465 2461 statuto
1478 2427 1517 2460 ad
1530 2427 1561 2460 id
1575 2428 1641 2460 loco
1653 2432 1686 2460 etx
1700 2432 1851 2470 tempore,

1111 2480 1279 2524 quotannis
1303 2481 1509 2521 celebrandi&
1533 2481 1595 2513 lata
1617 2478 1856 2520 decreta,etiam

1110 2532 1282 2577 apostolica
1306 2533 1493 2566 auctoritate
1516 2543 1572 2576 per
1595 2532 1691 2565 felicis
1706 2532 1850 2564 recorda-

1147 2609 1159 2633 1
1181 2605 1431 2640 Congregationem
1444 2605 1527 2631 istam
1544 2603 1632 2630 erexit
1641 2601 1774 2628 Alex.V1.
1784 2602 1816 2627 ut.
1829 2601 1857 2628 in

1111 2642 1169 2669 eius
1187 2642 1298 2670 constit.
1316 2650 1344 2675 x,
1363 2642 1515 2674 Plantatus,
1532 2642 1599 2666 tom.
1622 2647 1647 2673 v,
1666 2646 1728 2672 pag.
1749 2638 1809 2665 371.

1894 790 2016 829 Procul-n.

1916 1950 2000 1982 refluo?
2010 1969 2015 1974 .

1866 1989 1946 2008 d'nnlis
2017 1995 2020 2001 ¹

1112 2018 1207 2040 annes
1235 2007 1400 2050 episcopus
1428 2006 1578 2039 Ostiensis
1602 2006 1771 2043 cardinalis
1795 2007 1992 2045 llio-protectori.
2013 2021 2020 2027 „

1865 2047 1949 2062 eamn

1103 2071 1207 2093 ronus
1235 2065 1436 2103 nuncupatus
1464 2059 1561 2092 nobis>
1583 2069 1686 2103 nuper
1713 2058 1855 2102 exposuit
1865 2061 2022 2114 {3313}

1112 2113 1206 2156 quod,
1230 2111 1302 2145 licet
1325 2112 1400 2145 olim
1417 2111 1546 2152 salubri,
1563 2116 1599 2144 ut
1615 2116 1690 2144 tunc
1707 2111 1857 2155 speraba-
1866 2120 2014 2148 prael-totu·
