2059 3228
172 369 236 396 tute
257 370 384 397 sanctae
401 364 617 405 obedientiae,
644 371 674 398 et
695 365 754 398 suh
774 365 917 398 censuris

173 418 202 445 ct
220 413 332 456 poenis
342 419 452 447 nostro
461 420 514 446 aut
523 421 744 458 protectorum
754 414 800 448 vel
814 419 916 447 recto-

172 462 214 495 ris
233 462 366 496 arbitrio
387 474 446 507 pro
468 464 580 508 culpae
605 464 700 497 modo
723 463 915 506 infligendis,

172 511 360 545 mandamus
380 512 608 546 inviolabiliter
618 513 791 546 observari.
805 513 918 545 Decer-

173 565 283 594 nentes
315 572 536 605 quascumque
570 562 648 595 alias
677 561 754 595 dicti
791 561 916 604 collegii

173 609 426 651 constitutiones,
449 622 466 644 a
486 621 692 655 quocumque
706 610 801 644 etiam
822 621 838 642 a
859 620 917 642 no-

172 658 220 691 bis
239 665 404 692 emanatas
428 660 475 693 vel
501 660 707 703 approbatas,
740 659 918 703 praescnti-

173 707 230 740 bus
247 708 436 747 contrarias,
454 708 575 741 nullius
587 719 655 741 esse
667 707 792 740 roboris
801 713 830 740 et
852 718 919 740 mo-

172 755 284 795 menti,
306 761 338 788 et
357 767 394 789 ex
413 766 500 789 nunc
521 757 649 789 irritum
669 761 699 788 et
709 755 803 788 inane
823 755 918 798 quid-

170 803 248 846 quid
268 815 359 837 secus
369 805 402 838 in
418 806 591 849 praedictis
606 816 665 849 per
680 815 915 848 quoscumque,

170 851 311 886 scienter
325 854 375 886 vel
392 854 589 897 ignoranter,
614 853 710 886 etiam
726 854 858 886 obtentu
888 863 919 884 a-

170 900 286 934 liarum
307 902 384 935 dicti
409 902 534 945 collegii
556 902 816 941 ordinationum,
836 912 919 944 quae

172 954 277 983 tamen
297 961 356 994 per
379 957 576 995 praesentes,
603 951 663 983 nisi
683 951 733 984 liis
749 951 919 984 adversen-

171 1002 235 1039 tur,
257 1000 429 1043 abrogatae
448 1011 512 1033 non
524 1000 600 1040 sint,
612 1006 668 1033 aut
686 1000 764 1034 alias
780 1011 918 1045 quomo-

170 1047 355 1092 documque
375 1049 547 1092 contigerit
565 1049 724 1082 attentari.

213 1097 229 1141 ξ
248 1096 303 1130 31.
324 1097 394 1130 Νοῐι
414 1098 617 1131 obstantibus
635 1098 920 1131 constitutionibus

151 1163 158 1168 ·
171 1150 202 1178 ct
239 1146 498 1180 ordinationibus
534 1147 730 1190 apostolicis,
775 1158 811 1180 ac
849 1148 919 1180 aliis

171 1193 272 1238 ipsius
292 1195 433 1239 collegii,
454 1196 650 1235 iuramento,
673 1196 919 1229 confirmatione

171 1244 346 1288 apostolica
356 1245 404 1278 vel
422 1245 534 1288 quavis
550 1245 703 1278 firmitate
712 1245 771 1278 alia
788 1246 920 1278 robora-

147 1294 152 1298 ”
172 1293 223 1330 tis,
244 1293 370 1326 statutis
381 1299 412 1326 et
432 1294 736 1334 consuetudinibus,
751 1294 921 1326 contrariis

171 1341 442 1386 quibuscumque.
470 1344 534 1376 Aut
550 1343 574 1376 si
596 1343 758 1386 aliquibus
778 1353 920 1376 commu-

171 1390 256 1423 niter
277 1391 326 1424 vel
345 1391 469 1425 divisim
490 1393 529 1425 ab
562 1392 745 1435 Apostolica
775 1392 815 1424 sit
839 1391 920 1425 Sede

173 1438 334 1472 indultum
348 1440 436 1483 quod
457 1440 619 1480 interdici,
636 1441 789 1484 suspendi
810 1442 857 1474 vel
870 1452 920 1473 ex-

173 1487 406 1522 communicari
426 1499 492 1522 non
510 1490 921 1533 possintperlitterasapo-

171 1536 300 1570 stolicas
323 1547 388 1570 non
412 1537 566 1571 facientes
585 1538 715 1581 plenam
736 1544 765 1571 et
791 1549 921 1583 expres-

173 1595 239 1618 sam
256 1590 288 1619 et
305 1586 345 1619 ad
361 1586 495 1620 verbum
516 1586 554 1619 de
579 1586 706 1620 indulto
733 1587 921 1621 huiusmodi

173 1633 382 1668 mentionem.

217 1683 232 1727 5
250 1682 305 1717 32.
330 1684 416 1718 Nulli
437 1695 515 1728 ergo
534 1691 589 1718 etc.
603 1690 788 1718 nostrorum
800 1687 919 1727 statuti,

125 1751 131 1758 ·
173 1733 398 1775 ordinationis,
413 1734 609 1774 reiectionis,
624 1734 922 1773 one1·ationis,assi-

173 1782 345 1825 gnationis,
361 1783 548 1823 voluntatis,
572 1784 797 1816 mandatorum
820 1789 850 1817 et
870 1785 924 1818 de-

174 1831 253 1864 creti
273 1830 449 1875 insringere
466 1836 524 1865 etc.
552 1833 583 1866 Si
608 1832 680 1876 quis
704 1837 761 1865 etc.

218 1880 333 1913 Datum
353 1880 473 1914 Romae
494 1881 579 1924 apud
601 1881 753 1914 Sanctum
774 1882 921 1923 Petrum,

175 1939 260 1962 anno
286 1929 521 1962 Incamationis
548 1930 730 1963 dominicae
752 1931 924 1965 millesimo

177 1978 436 2021 quingentesimo
443 1979 664 2021 octuagesimo
676 1985 802 2022 quarto,
815 1981 924 2014 kalen-

177 2026 226 2059 dis
243 2027 367 2071 aprilis,
389 2028 596 2071 pontificatus
616 2029 716 2060 nostri
742 2040 826 2061 anno
846 2040 898 2062 χιι.

217 2079 280 2110 Dat.
295 2080 345 2111 die
360 2081 374 2111 1
394 2081 497 2121 aprilis
514 2082 599 2115 1584,
618 2082 719 2120 pontis.
736 2092 812 2112 auno
834 2092 884 2112 xii.

59 2203 81 2267 ,Ξ
501 2210 600 2244 CLXI.

70 2311 94 2347 ἐ.

225 2388 348 2431 duplici
371 2389 470 2432 officio
485 2389 701 2422 celebrandae.

231 2469 377 2504 Gregorius
395 2469 537 2504 episcopus
556 2476 652 2498 servus
670 2476 808 2499 servorum
830 2470 885 2504 Dei.

324 2522 358 2550 ad
376 2523 540 2558 perpetuam
562 2523 603 2550 rei
623 2523 792 2551 memoriam.

775 260 952 288 cnssoomus
974 261 1028 285 xm
1053 261 1099 284 ΡΡ.

171 315 220 349 nis
244 322 275 349 ct
293 316 428 355 ordinis,
452 316 547 349 ctiam
569 316 838 357 sacerdotibus,iii
854 315 916 348 vir·
962 324 1041 345 nuas
1065 312 1139 345 fidei
1161 313 1233 345 tiliis
1253 314 1451 346 venerandas
1474 323 1706 357 proponasan-
1736 319 1750 339 B
1768 322 1903 346 Annapepe.

180 2279 350 2314 Institutio
358 2282 546 2324 festivitatis
554 2282 588 2314 S.
598 2283 622 2315 A
629 2294 724 2323 nnuc,
735 2284 849 2316 matris
857 2283 926 2316 ,tla-

225 2335 296 2367 riae
315 2335 470 2378 Virqinis,
480 2347 539 2378 pro
565 2336 616 2369 die
636 2346 705 2369 xxm
721 2338 838 2370 mensis
856 2337 930 2370 iulii

1604 251 1663 285 455
1720 257 1762 287 An
1791 257 1809 284 Γ,
1842 259 1903 286 1:82

959 372 1085 399 ctorum
1119 366 1332 405 celebritates,
1371 368 1424 409 qui
1455 367 1486 399 in
1513 368 1607 400 terris
1642 351 1846 406 ri‹›ii{¹i¹n{¹mm·:
1860 351 1904 409 iiiii

959 419 1061 451 solum
1078 419 1223 462 exempla
1257 420 1294 451 ad
1320 421 1454 453 salutem
1489 421 1705 464 reliquerunt,
1722 414 1906 466 22}2{,{{¹2J2¹‡

959 472 1013 504 >ed
1035 471 1066 504 in
1093 472 1185 505 coelo
1211 473 1291 505 beati
1322 474 1466 506 fidelium
1492 475 1706 518 patrocinium
1725 477 1753 498 ‹¹⁵—

959 525 1124 568 suscipere
1146 536 1325 569 eorumque
1346 527 1507 560 orationes
1521 537 1547 559 et
1562 529 1709 561 votasuis

960 579 1111 622 precibus
1135 579 1286 613 adiuvare
1304 591 1367 613 nou
1389 586 1523 613 cessant.
1539 585 1639 620 Quam
1653 592 1709 614 no-

960 631 1007 664 bis
1027 643 1123 675 opem
1143 633 1229 676 apud
1251 633 1494 667 misericordem
1515 635 1614 668 Deum
1637 647 1707 669 cre-

960 685 1066 717 dimus
1088 686 1210 718 beatam
1232 687 1355 719 Annam
1369 687 1494 721 assidue
1508 688 1705 731 impendere,

960 749 1043 782 quae
1063 745 1149 772 tanta
1170 740 1202 772 in
1230 741 1408 773 humanum
1429 752 1530 785 genus
1550 743 1708 786 praestitit

960 791 1130 832 beneficia;
1152 803 1189 826 ex
1219 803 1256 826 ea
1275 794 1360 827 enim
1383 801 1456 827 nata
1476 801 1522 828 est
1551 796 1583 828 B.
1613 797 1709 830 Maria

960 855 1088 888 semper
1113 846 1212 889 virgo,
1231 847 1328 889 digna
1348 858 1366 880 a
1394 848 1458 881 Deo
1478 849 1602 887 effecta,
1625 861 1708 893 quae

960 898 1053 930 nobis
1071 899 1479 944 IesumCliristumpareret
1500 902 1706 936 Salvatorem.

960 951 996 983 Et
1020 952 1094 985 licet
1121 953 1191 986 eius
1233 954 1356 987 nomini
1391 956 1508 988 sanctis
1546 957 1709 1000 ohsequiis

960 1005 1152 1040 honorando
1185 1008 1327 1041 humana
1350 1020 1410 1052 par
1436 1020 1504 1043 esse
1529 1021 1593 1043 non
1614 1018 1710 1054 queat

960 1058 1141 1101 infirmitas,
1161 1071 1202 1094 ne
1222 1068 1328 1095 tamen
1357 1064 1443 1106 quod
1477 1070 1581 1107 potest
1614 1066 1708 1098 omit-

938 1119 941 1170 Ι
962 1119 1057 1147 tatur:

1005 1168 1020 1211 g
1044 1168 1075 1201 1.
1114 1169 1188 1210 Nos,
1224 1171 1264 1203 ad
1289 1171 1358 1204 eius
1390 1172 1503 1204 merita
1538 1173 1591 1216 pio
1620 1174 1707 1206 cultu
1725 1179 1905 1234 15⁵3ssssthss

1832 1221 1891 1233 1113ss

962 1221 1161 1263 decoranda,
1207 1225 1487 1269 universalemque
1535 1227 1707 1260 Ecclesiam
1724 1244 1906 1265 mammam-

962 1275 1194 1310 iucundissima
1225 1277 1312 1310 illius
1345 1279 1568 1313 recordatione
1593 1275 1819 1314 laetil'i-¹¹³⁰'²'²¹²

962 1330 1110 1371 eandam,
1139 1341 1265 1365 necnon
1290 1332 1329 1365 ad
1358 1333 1521 1376 antiquam
1558 1334 1590 1366 in
1622 1334 1708 1367 illam

962 1384 1180 1424 devotionem,
1201 1396 1312 1428 quam,
1325 1397 1428 1429 usque
1447 1387 1487 1419 ab
1505 1387 1633 1421 exordio
1653 1399 1710 1421 na-

964 1438 1082 1470 scentis
1102 1438 1274 1479 Ecclesiae,
1295 1438 1433 1482 insignia
1452 1442 1712 1484 quoqaetempla

963 1496 995 1523 et
1023 1491 1173 1534 religiosa
1205 1492 1275 1524 loca
1301 1492 1333 1524 in
1363 1493 1432 1525 eius
1460 1493 1616 1527 honorem
1647 1500 1711 1528 toto

963 1544 1041 1577 orbe
1071 1551 1256 1578 constructa
1276 1551 1445 1586 testantur,
1467 1547 1500 1579 in
1521 1547 1710 1581 christiano-

963 1608 1037 1630 rum
1066 1599 1219 1631 cordibus
1248 1599 1462 1639 excitandam,
1496 1601 1712 1643 praecipimus

964 1657 1010 1690 ut,
1026 1654 1188 1695 perpetuis
1204 1653 1321 1686 suturis
1332 1654 1545 1697 temporibus,
1557 1655 1591 1687 B.
1602 1655 1712 1687 Annae

964 1704 1033 1737 dies
1053 1705 1151 1738 festus
1171 1707 1307 1749 septimo
1333 1707 1486 1739 kalendas
1505 1708 1631 1751 augusti
1656 1718 1714 1750 per

965 1757 1064 1790 totius
1088 1759 1176 1792 orbis
1205 1760 1357 1792 ecclesias
1382 1761 1505 1804 duplici
1534 1762 1651 1801 officio,
1674 1761 1712 1793 de

965 1818 1084 1852 sancta,
1113 1812 1273 1853 videlicet,
1310 1824 1369 1846 nec
1401 1815 1522 1857 virgine
1547 1825 1606 1847 nec
1631 1825 1714 1847 mar-

966 1871 1045 1910 tyre,
1073 1867 1160 1910 quod
1192 1873 1238 1900 est
1270 1868 1301 1900 in
1334 1869 1512 1908 communi,
1543 1869 1713 1910 quotannis

966 1920 1147 1959 recolatur3
1170 1920 1300 1964 diesque
1321 1921 1503 1964 praedicta<
1525 1921 1713 1965 imprimen-

943 1977 947 1994 ¹
967 1973 1014 2005 dis
1038 1972 1188 2005 Romanis
1198 1974 1371 2007 etaliaruni
1385 1976 1592 2008 ecclesiarum
1608 1976 1720 2013 kalen-K

967 2027 1064 2058 dariis
1084 2027 1230 2066 addatur,
1251 2034 1281 2060 et
1307 2028 1423 2072 duplex
1443 2028 1470 2060 ei
1499 2029 1710 2062 adscribatur.

967 2079 1076 2112 Sicubi
1098 2091 1172 2113 vero
1206 2081 1304 2113 festus
1326 2081 1358 2113 B.
1382 2083 1490 2114 Annae
1515 2082 1582 2114 dics
1606 2080 1715 2126 supra-

945 2153 949 2194 Ι
967 2133 1071 2165 dictur*-
1092 2144 1128 2166 ex
1153 2133 1298 2166 fidelium
1320 2135 1484 2167 devotione
1501 2145 1557 2167 seu
1578 2145 1714 2169 consue-

946 2196 949 2223 ,
968 2186 1090 2227 tudine,
1113 2196 1286 2231 praecepto
1307 2194 1358 2220 aut
1377 2188 1501 2220 indulto
1527 2189 1714 2232 apostolico,

970 2240 1089 2272 maiore
1115 2241 1222 2284 aliqua
1242 2242 1398 2274 celebrari
1425 2241 1587 2274 consuerit
1609 2243 1715 2276 obser-

968 2294 1083 2330 vantia.
1109 2305 1146 2326 ea
1166 2294 1298 2327 omnmo
1317 2295 1434 2327 ibidem
1459 2296 1646 2329 retineatur.

1013 2347 1028 2389 g
1053 2347 1083 2379 Ξ.
1119 2348 1301 2381 Mandantcs
1329 2348 1479 2381 omnibus
1512 2350 1714 2392 patriarchis,
1738 2358 1916 2379 Etbweznsssw-

969 2400 1234 2445 archiepiscopis.
1256 2402 1414 2445 episcopi-3
1435 2408 1463 2434 et
1485 2403 1598 2435 ceteris
1617 2389 1915 2446 eccle-''f}⁹2{?2,f0'’2ifii'

971 2449 1091 2482 siarum
1126 2450 1275 2492 praelatis
1301 2461 1358 2493 per
1388 2451 1572 2484 universum
1606 2453 1717 2486 orbem
1732 2454 1813 2491 ⁵5⁸³*
1837 2453 1917 2479 ΨΜ·

972 2499 1165 2538 constitutis,
1188 2505 1222 2530 ut
1250 2499 1361 2531 saciant
1390 2506 1573 2542 praesentes
1596 2501 1719 2535 litteras
1733 2491 1773 2514 ⁹¹¹³

76 2570 89 2582 ,.
121 2579 127 2583 ‚
949 2543 953 2592 ξ
972 2547 1003 2580 in
1019 2548 1085 2581 suis
1105 2548 1241 2591 quisque
1266 2548 1419 2589 ecclesiis,
1440 2550 1624 2592 provinciis,
1647 2550 1720 2584 civi-

75 2605 91 2638 A
227 2587 344 2622 Sancta
363 2594 466 2622 mater
484 2588 644 2629 Ecclesia,
677 2600 758 2633 quae
786 2590 932 2623 salutam-
973 2596 1090 2629 tatibus
1115 2602 1143 2629 et
1168 2597 1368 2630 dioecesibus
1397 2599 1583 2633 solemniter
1611 2600 1719 2643 publi-

183 2640 245 2680 ἔπιε
263 2652 321 2676 nos
341 2653 469 2687 semper
487 2643 617 2678 instruit
636 2643 850 2687 documentis,
878 2655 931 2678 an·
975 2646 1052 2686 cari,
1075 2651 1103 2679 et
1125 2646 1164 2678 ab
1184 2646 1335 2680 omnibus
1360 2647 1586 2682 ecclesiasticis
1610 2660 1720 2694 perso-
