2059 3228
135 241 165 262 n.
203 231 232 259 C.
252 230 304 259 158
317 232 333 258 Α

392 220 456 252 ΗΜ

346 287 473 315 nostrae
497 278 686 312 Patrimonii
716 287 753 311 ac
781 277 833 312 alii
863 278 1031 322 pecudarii
1061 283 1091 311 et

344 338 496 374 aratores,
528 331 678 365 animalia
707 331 891 366 huiusmodi
924 332 1089 372 hahentes,

345 386 518 420 maximum
547 385 623 418 inde
656 385 819 429 patiantur
847 385 1086 419 detrimentum.

386 440 401 483 §
427 441 457 472 1.
483 438 587 479 Quare
602 449 672 479 nos,
685 438 761 472 huic
778 439 862 472 malo
882 439 1008 472 obviam
1028 439 1087 479 ire,

147 511 330 547 «πηρώσω.
342 498 373 526 et
391 491 493 537 quieti
517 502 555 525 ac
573 491 781 526 indemnitati
799 493 962 537 publicae,
985 503 1088 536 quan-

146 547 179 564 tur
202 544 239 564 diri
224 550 261 570 riip
265 549 289 564 en
280 546 326 563 ntes

145 575 243 595 animaial
263 577 284 594 et
308 580 327 594 a·

144 604 173 656 ξ
187 604 327 656 δὲἒειεᾞξεῑῗ-
341 610 390 640 ac,
411 604 448 632 ut
466 609 549 643 quos
567 599 678 643 legum
697 609 888 644 poenaeque
909 600 1089 644 corpoialis

144 672 177 691 00,
195 698 201 715 ¹
201 666 235 687 ei
251 666 287 687 illa
301 672 326 688 e·
340 653 439 687 timor
457 663 524 686 non
533 652 665 694 retinet,
676 653 791 686 saltem
805 653 902 697 gladii
913 653 1088 698 spiritualis

144 702 190 717 men
204 702 226 717 es
242 700 284 718 ele.

342 551 412 579 tum
447 546 481 579 in
511 545 604 579 nobis
628 551 687 587 est,
713 546 900 590 prospiceie
930 547 1086 587 volentes,

338 706 447 750 fulgor
464 717 483 740 a
502 707 588 740 malo
608 707 783 748 deterreat,
805 708 997 751 praesertim
1014 718 1087 741 cum

337 770 405 794 non
423 760 530 794 solum
540 759 631 805 pium
651 765 683 794 et
703 761 907 795 meritorium
921 761 976 795 sed
991 762 1087 795 etiam

337 813 460 848 iustum
483 825 522 849 ac
545 814 763 848 necessarium
792 815 834 849 sit
866 815 946 849 tales
983 816 1088 850 conti-

337 878 421 902 nuos
443 879 482 902 ac
517 868 646 903 notorie
679 869 870 903 criminosos
903 880 940 903 ac
972 870 1012 903 ab
1045 870 1090 903 eis

337 926 482 956 ementes
500 932 552 956 res
568 921 702 956 furtivas
717 928 858 967 utroque
873 923 991 967 gladio,
1002 934 1090 958 seve-

337 975 434 1009 ritate
457 981 654 1021 opportuna,
694 977 812 1020 corrigi
845 982 943 1021 atque
962 978 1086 1022 puniri,

336 1034 494 1074 perpetuo
513 1030 575 1063 hoc
599 1029 706 1064 edicto
727 1031 900 1064 statuimus
920 1041 1034 1064 omnes
1057 1037 1090 1065 et

337 1093 560 1127 quoscumque
582 1088 649 1117 tam
672 1083 861 1117 huiusmodi
886 1084 1038 1118 animalia
1058 1091 1090 1118 et

338 1137 484 1170 iumenta
503 1137 646 1180 aliasque
677 1148 729 1171 res
748 1142 781 1170 et
799 1137 886 1171 bona
905 1138 1091 1172 cuiuscum-

339 1201 403 1234 que
422 1191 549 1234 generis
560 1195 594 1224 et
603 1190 762 1234 specieiin
772 1190 865 1224 Statu
881 1196 991 1225 nostro
1006 1197 1089 1225 tem-

339 1244 445 1289 porali
477 1243 678 1289 diripientes,
716 1245 912 1279 abducentes
937 1250 970 1279 et
1002 1246 1090 1279 furto

339 1297 579 1339 subtrahentes,
600 1309 698 1342 quam
723 1304 879 1340 ementes,
900 1306 1089 1343 permutan-

341 1356 389 1385 tes
411 1362 469 1385 seu
487 1352 527 1385 ab
548 1352 593 1386 eis
605 1351 661 1385 illa
684 1352 797 1396 quovis
816 1352 913 1386 modo
932 1353 1091 1398 recipien-

340 1410 400 1446 tes,
414 1409 447 1438 et
466 1415 541 1439 cum
556 1405 678 1439 eisdem
690 1406 930 1448 contrahentes,
944 1418 1001 1441 seu
1012 1417 1092 1451 quo-

339 1458 386 1491 vis
412 1458 520 1500 titulo,
550 1460 671 1500 colore,
705 1471 802 1493 causa
839 1461 888 1494 vel
922 1466 1091 1504 praetextu

340 1522 440 1556 penes
463 1522 498 1545 se
516 1512 674 1546 habentes
697 1518 730 1546 et
756 1513 945 1555 retinentes,
982 1514 1091 1548 cuius-

341 1575 482 1609 cumque
490 1571 604 1606 status,
617 1566 748 1609 gradus,
759 1567 967 1609 conditionis,
985 1579 1091 1609 sexus,

341 1619 684 1662 qualitatis,dignitatis
692 1625 748 1653 aut
755 1621 1018 1664 praeeminentiae
1025 1622 1094 1656 fue-

343 1672 420 1713 rint,
441 1676 507 1705 tam
517 1672 591 1706 laici
609 1683 708 1716 quam
718 1673 829 1707 clerici
850 1679 883 1708 et
901 1675 1093 1720 presbyteri,

344 1728 442 1759 etiam
466 1726 630 1769 regulares
650 1731 683 1760 et
701 1727 892 1768 saeculares,
913 1733 945 1761 et
967 1739 1032 1762 non
1041 1740 1094 1764 so-

343 1778 412 1812 lum
435 1778 470 1812 in
490 1779 576 1813 dicto
601 1779 693 1813 Statu
716 1785 828 1814 nostro
841 1781 1069 1817 Ecclesiastico
1084 1810 1093 1824 ,

344 1832 400 1866 sed
416 1832 514 1865 etiam
529 1831 562 1865 in
573 1832 683 1876 quovis
691 1843 803 1877 regno,
817 1833 920 1875 Statu,
936 1835 1093 1877 dominio,

346 1885 525 1927 territorio,
552 1886 745 1928 civitatibus,
767 1887 860 1920 terris
881 1893 913 1921 et
932 1888 1012 1922 locis
1025 1889 1097 1922 uni-

346 1949 457 1973 versae
484 1939 593 1973 Italiae
621 1946 871 1982 commorantes,
905 1943 990 1976 ultra
1018 1943 1096 1976 alias

349 2003 468 2037 poenas
500 1992 590 2034 iuris,
617 1993 885 2028 constitutionum
911 2000 941 2028 et
969 1997 1096 2040 procla-

349 2051 472 2079 matum
501 2046 756 2091 praedictorum,
789 2049 1097 2083 excommunicatio-

350 2099 399 2133 nis
419 2100 550 2133 maioris
569 2101 654 2135 latae
673 2102 853 2136 sententiae
868 2113 1006 2147 poenam
1029 2104 1098 2148 ipso

352 2154 435 2187 sacto
455 2154 636 2196 incurrere,
649 2166 666 2188 a
681 2166 746 2200 qua
757 2156 867 2189 nullus
878 2157 917 2190 ab
931 2156 992 2190 alio
1002 2168 1099 2201 quam

353 2217 372 2240 a
384 2207 529 2241 Romano
548 2207 715 2250 Pontifice,
736 2214 793 2243 aut
811 2209 852 2244 de
876 2210 945 2243 eius
968 2210 1100 2255 speciali

354 2261 518 2302 mandato,
541 2267 767 2306 praeterquam
786 2262 820 2296 in
839 2263 953 2297 mortis
964 2264 1100 2297 articulo

357 2314 562 2355 constitutus,
588 2315 735 2360 factaque
752 2322 808 2350 aut
836 2317 986 2351 mandata
1011 2317 1103 2351 resti-

357 2366 482 2400 tutione
501 2368 550 2401 vel
569 2368 785 2403 satisfactione
805 2370 968 2404 dictorum
985 2372 1104 2404 anima-

358 2414 451 2456 lium,
481 2416 714 2459 iumentorum,
746 2427 855 2454 rerun.
887 2424 918 2452 et
943 2419 1102 2453 honorum

357 2462 542 2498 huiusmodi
570 2466 664 2500 dictis
688 2468 837 2509 affidatis,
869 2468 1046 2502 dohanerio
1074 2474 1105 2501 et

359 2511 443 2552 aliis,
471 2519 505 2546 ut
538 2515 769 2558 praemittitur,
809 2522 841 2550 et
871 2528 931 2560 pro
959 2523 1105 2560 tempore

359 2561 600 2606 subreptorum,
623 2565 836 2600 absolutionis
847 2566 1041 2600 beneficium
1051 2577 1105 2600 va-

360 2609 426 2644 leat
458 2611 624 2656 obtinere;
653 2614 821 2659 ipsamque
849 2614 1107 2650 exeommunica-

936 225 1113 251 numanum
1135 225 1285 251 nomnen!

1133 278 1229 311 tionis
1244 289 1381 322 poenam
1403 288 1438 311 ex
1453 289 1550 318 nunc,
1566 284 1664 321 prout
1675 289 1713 313 ex
1727 283 1806 313 tunc
1814 283 1875 313 ete

1132 337 1255 372 contra,
1276 332 1428 364 adversus
1444 331 1667 365 inobedientes
1687 338 1719 364 et
1738 332 1874 366 rebelles

1131 396 1354 429 quoscumque
1375 391 1407 418 et
1431 386 1576 429 ipsorum
1600 386 1778 430 quemlibet
1803 395 1876 430 pro-

1131 439 1218 482 mulg
1211 450 1314 473 amus
1329 450 1388 483 per
1407 444 1605 484 praesentes.

1175 494 1189 537 §
1201 467 1244 526 0⁶2
1271 495 1315 526 Ac
1335 494 1527 527 mandamus
1546 493 1702 527 universis
1721 498 1753 526 et
1766 492 1876 536 singu·
1905 493 1998 532 unni-*t

1129 547 1168 580 lis
1188 547 1453 592 aichiepiscopis,
1476 547 1635 591 episcopis
1650 547 1761 581 etaliis
1773 547 1876 580 eccle·
1888 532 1978 586 ἔῃ·-

1130 601 1250 633 siaium
1285 600 1445 644 piaelatis,
1477 611 1656 644 eoiumque
1686 599 1812 633 vicariis
1843 594 1914 648 inff⁸

1130 654 1352 698 spiiitualibus
1377 654 1580 697 generalibus
1592 653 1690 686 totius
1700 652 1802 686 nostri
1813 652 1879 686 Sta·
1889 657 1917 679 Ρ·
1962 649 1971 652 “

1131 713 1182 741 tus
1205 707 1373 752 praedicti,
1394 718 1431 740 ac
1447 707 1544 740 etiam
1564 707 1597 740 in
1617 717 1717 750 regno
1732 705 1879 751 Neapoli·
1889 689 1977 748 inimi*
2030 743 2033 754 ἲ

1131 769 1218 803 tano,
1237 773 1274 795 ac
1294 761 1386 795 Statu
1405 759 1703 804 MagniHetruiiae,
1717 770 1753 793 ac
1768 760 1879 793 Ferra-
1891 759 2033 810 qm'fi,

1130 816 1206 856 iiae,
1228 820 1258 849 et
1277 814 1390 849 Urbini
1410 814 1544 855 ducum,
1562 814 1596 847 in
1610 814 1729 847 virtute
1749 818 1879 847 sanctae
1891 815 1984 876 {²2:⁸32

1130 869 1343 910 obedientiae,
1366 874 1403 901 ut
1423 879 1498 902 cum
1527 868 1645 901 hatum
1670 867 1877 912 exemplaria,

1130 925 1226 957 etiam
1246 924 1412 967 impressa,
1425 933 1523 955 manu
1538 921 1655 955 notarii
1670 920 1793 965 publici
1805 921 1880 954 sub-

1130 977 1263 1020 scripta,
1297 976 1469 1019 sigilloque
1494 985 1652 1018 personae
1671 975 1705 1007 in
1724 974 1880 1018 dignitate

1131 1030 1346 1063 ecclesiastica
1369 1029 1566 1063 constitutae
1586 1028 1723 1070 munita,
1739 1027 1881 1061 exhibita

1130 1084 1175 1116 cis
1195 1083 1328 1123 fuerint,
1350 1083 1383 1115 in
1403 1082 1552 1115 omnibus
1562 1081 1755 1123 civitatibus,
1776 1081 1880 1122 terris,

1131 1137 1271 1181 oppidis,
1284 1137 1376 1177 locis,
1387 1136 1499 1169 castris
1507 1146 1544 1169 ac
1564 1135 1776 1176 dioecesibus,
1789 1145 1882 1180 prae-

1131 1190 1242 1224 sertim
1264 1190 1360 1223 statui
1380 1194 1492 1222 nostro
1521 1188 1686 1233 praedicto
1711 1187 1880 1222 circumvi-

1132 1243 1224 1285 cinis,
1243 1244 1283 1277 ad
1301 1244 1406 1276 valvas
1425 1243 1579 1276 ecclesiae
1603 1243 1746 1276 matricis
1773 1241 1882 1276 civita-

1132 1304 1215 1340 tum,
1243 1303 1418 1338 terrarum,
1438 1297 1647 1342 oppidorum,
1659 1302 1838 1330 castrorum
1849 1301 1882 1330 et

1132 1353 1281 1385 locorum
1292 1362 1370 1384 suae
1380 1350 1536 1384 dioecesis
1545 1350 1786 1394 quamprimum
1796 1349 1881 1393 affigi

1133 1411 1163 1439 et
1182 1406 1346 1451 publicari
1362 1405 1492 1438 faciant.
1520 1404 1606 1443 Quae
1626 1404 1756 1448 quidem
1776 1413 1901 1437 exem--

1132 1460 1236 1504 plaria
1255 1470 1312 1492 seu
1328 1463 1529 1502 transumpta
1548 1458 1592 1491 sic
1612 1457 1704 1491 affixa
1723 1462 1755 1491 et
1773 1455 1882 1502 puhli-

1135 1519 1218 1554 cata,
1244 1513 1377 1556 ubique,
1410 1512 1444 1545 in
1470 1511 1590 1545 iudicio
1620 1517 1652 1545 et
1675 1516 1762 1544 extra
1787 1510 1880 1552 illud,

1133 1567 1230 1601 srdem
1251 1567 1382 1608 faciant,
1413 1576 1590 1610 omnesque
1617 1565 1818 1610 supradictos
1845 1574 1883 1598 ac

1134 1621 1214 1654 alios
1238 1619 1463 1664 praesentibus
1491 1619 1608 1652 litteris
1631 1618 1814 1652 nominatos
1832 1617 1883 1652 vel

1134 1674 1378 1718 quomodolibet
1394 1673 1644 1718 comprehensos
1653 1672 1880 1731 taliterligent,

1135 1733 1270 1768 aretem,
1292 1727 1434 1761 afficiant
1453 1727 1646 1770 etobligent‚
1661 1737 1698 1760 ac
1717 1725 1883 1760 siunicui-

1136 1793 1198 1826 que
1218 1780 1433 1851 personaliter
1451 1779 1616 1814 intimatae
1640 1779 1786 1813 fuissent.

1180 1835 1238 1878 §3
1243 1834 1346 1867 ,Non
1370 1833 1572 1867 obstantibus
1596 1833 1883 1867 constitutionibus
1914 1831 2016 1867 ῦΙι-ὺ·
2038 1862 2041 1880 e

1137 1893 1168 1922 et
1186 1861 1444 1921 ordinationibus
1463 1896 1540 1930 apos
1527 1886 1666 1927 tolicis;
1687 1882 1920 1930 necnonpri-¹⁰

1138 1941 1275 1984 vilegiis,
1297 1940 1442 1981 indultis,
1465 1939 1885 1984 exemptionibusetlitteris

1138 1968 1325 2040 apostolicis
1343 1994 1603 2038 quibuscumque
1629 1993 1786 2038 personis,
1806 2004 1886 2038 qua-

1140 2059 1280 2092 cumque
1300 2048 1453 2091 dignitate
1465 2047 1682 2081 ecclesiastica
1692 2048 1741 2081 vel
1758 2052 1885 2092 tempo-

1140 2103 1200 2135 rali
1218 2101 1384 2146 praeditis,
1411 2101 1610 2135 coniunctim
1639 2101 1689 2134 vel
1715 2100 1887 2145 separatim

1141 2155 1313 2197 concessis,
1324 2154 1418 2188 etiam
1429 2155 1546 2199 quibus
1570 2160 1720 2189 caveatur
1739 2163 1888 2199 expresse

1141 2209 1227 2253 quod
1238 2208 1512 2242 excommunicari
1524 2218 1589 2241 non
1598 2208 1722 2252 possint
1731 2218 1790 2252 per
1803 2207 1888 2241 litte-

1142 2273 1193 2295 ras
1200 2262 1393 2307 apostolicas
1403 2272 1469 2295 non
1478 2262 1632 2295 facientes
1642 2262 1771 2306 plenam
1787 2267 1820 2296 et
1835 2271 1888 2295 ex-

1145 2327 1286 2360 pressam
1306 2321 1339 2349 et
1350 2316 1391 2349 ad
1409 2316 1542 2349 verbum
1562 2315 1601 2349 de
1626 2315 1753 2349 indulto
1778 2314 1888 2348 huius-

1144 2369 1232 2403 modi
1256 2369 1476 2411 mentionem,
1506 2370 1687 2413 ceterisque
1719 2367 1888 2403 contrariis

1144 2420 1417 2464 quibuscumque.

1187 2468 1303 2501 Datum
1322 2467 1443 2502 Romae
1462 2467 1547 2512 apud
1565 2467 1819 2509 S.Petrum,sub
1833 2477 1890 2502 an-

1145 2518 1224 2550 nulo
1241 2517 1422 2559 Piscator-Is,
1432 2517 1888 2559 dievudecembrisimixxxiv,

1146 2567 1353 2611 pontificatus
1373 2567 1473 2600 nostri
1488 2578 1572 2601 anno
1588 2577 1654 2600 xm.

1198 2620 1263 2652 Dat.
1280 2620 1329 2652 die
1343 2621 1358 2651 7
1375 2620 1440 2652 dec.
1460 2620 1548 2660 1584,
1567 2620 1673 2662 pontif.
1688 2629 1835 2653 annoxm.
