2059 3228
64 1676 74 1689 Ι

877 203 981 229 smus
999 204 1019 228 v
1038 203 1085 228 1³1³.
1636 193 1670 227 61
1679 193 1698 224 11

207 257 471 303 specialis33utsi
488 257 660 302 aliquibus,
675 257 891 291 communiter
905 257 952 290 rel
993 256 1097 289 vincia
1116 254 1281 296 Castessae,
1306 261 1335 289 ct
1356 256 1472 289 dilecto
1492 255 1557 288 silio
1582 254 1742 289 Gulielmo

207 311 343 352 divisim,
357 312 516 345 abeadem
538 311 578 345 sit
597 311 678 345 Sede
692 312 850 344 indultum
867 310 952 354 quod
995 308 1155 347 Montano,
1178 314 1254 342 tunc
1276 309 1373 352 priori
1399 310 1514 341 domus
1527 306 1744 342 Gerundcnsis

205 364 376 404 interdici,
415 364 568 408 suspendi
601 366 648 398 vel
681 364 951 398 excommunicari
996 362 1128 393 fratrum
1150 361 1407 395 murmuratorum
1432 362 1630 405 principatus
1652 362 1743 395 Cata-

206 427 271 451 non
298 417 420 462 possint
452 429 510 462 per
532 418 653 451 litteras
673 417 864 461 apostolicas
889 428 952 450 non

205 470 357 505 facientes
378 471 506 515 plenam
527 477 557 504 et
575 481 755 513 expressam
773 481 808 503 ac
826 471 864 504 ‹le
884 481 952 503 ver-

204 525 247 559 bo
266 524 305 557 ad
320 525 454 557 verbum
474 525 512 557 de
529 524 654 557 indulto
665 524 851 557 huiusmodi
865 534 954 557 men-

207 577 338 612 tionem.

248 627 334 664 Nulli
354 641 430 674 ergo
445 630 578 664 omnino
602 634 660 664 etc.

250 684 363 717 Datum
383 684 503 717 Romae
520 683 605 727 apud
634 684 787 731 Sanctum
807 682 951 723 Petrum,

210 748 291 771 aino
310 736 541 771 lucarnationis
566 736 748 770 dominicae
783 736 954 770 millesimo

208 790 463 835 qtingentesimo
500 790 718 832 octuagesimo
758 790 869 832 quinto
886 817 893 829 ‚
921 801 953 823 111

169 871 175 877 .
209 844 360 878 k:.tendas
385 843 578 884 novembris,
613 843 820 887 pontificatus
854 844 952 876 nostri

209 908 293 932 anno
312 907 335 931 1.

261 954 322 986 Dat.
339 955 385 986 die
400 954 440 986 30
459 954 555 985 octob.
575 954 659 988 1585,
683 955 788 994 pontif.
811 964 857 984 an.
872 964 891 984 1.

526 1122 630 1155 XVIII.

209 1197 250 1233 Ut
267 1199 304 1232 in
325 1198 446 1233 Ordine
464 1199 584 1232 Beatae
602 1180 728 1230 Mariae
752 1197 788 1230 de
814 1197 954 1230 Mercede

249 1305 437 1348 reformatio
457 1305 544 1338 edita
565 1316 584 1337 α
603 1304 831 1337 commissoriis
855 1304 952 1346 depu-

235 1359 330 1405 'latis
349 1369 408 1402 per
426 1358 526 1391 Pium
547 1358 573 1390 V
594 1362 621 1390 et
644 1357 830 1400 Greyorz'u'm
852 1356 950 1396 XIII,

249 1422 322 1446 cum
345 1411 617 1445 declarationibus
635 1411 726 1444 Siaeti
744 1411 856 1454 Papae
870 1409 932 1443 V1.

267 1493 363 1522 Sixtus
373 1494 442 1529 Papa
450 1493 479 1526 V,
491 1493 525 1521 ad
534 1492 660 1521 futuram
668 1492 709 1521 rei
724 1492 892 1520 memoriam.

249 1564 290 1598 Ut
309 1564 417 1598 cuncti
436 1564 560 1604 fideles,
578 1563 766 1608 praesertim
783 1573 858 1596 vero
878 1562 954 1596 reli-

53 1625 166 1648 mor-itum.
205 1617 300 1662 gio'si,
313 1623 426 1652 mutuo
447 1617 581 1650 invicem
601 1617 761 1650 fraternae
773 1616 955 1650 dilectionis

206 1671 335 1705 vinculo
363 1671 517 1715 copulati,
543 1671 713 1704 unanimes
747 1670 778 1702 111
809 1680 889 1714 pace
918 1681 955 1703 ac

207 1725 434 1768 tranquillitate
453 1725 614 1758 Altissimo
634 1724 843 1763 famulentur,
872 1735 955 1768 quae

207 1777 291 1813 inter
309 1789 364 1812 eos
387 1778 520 1820 dissidii,
547 1777 689 1811 scandali
709 1783 763 1810 aut
782 1777 955 1810 dissensio-

207 1842 286 1866 num
300 1832 506 1866 occasionem
518 1833 684 1877 praebent,
696 1831 846 1871 libenter,
855 1841 956 1874 quan-

209 1891 278 1920 tum
300 1885 334 1919 in
353 1886 448 1919 nobis
467 1891 522 1927 est,
537 1884 845 1919 nostraauctoritate
859 1884 957 1917 inter-

170 1969 174 1973 .
209 1939 324 1983 posita,
351 1939 517 1972 declarare
545 1945 575 1972 et
605 1938 747 1971 diffinire
776 1937 953 1978 studemus,

209 1992 302 2026 sicuti
326 1993 366 2026 ad
383 1994 445 2027 hoc
469 1998 602 2036 paterna
618 1992 756 2025 charitas
768 1997 798 2024 et
815 1997 957 2035 pastora-

209 2045 248 2079 lis
268 2047 412 2080 muneris
435 2046 619 2080 sollicitudo
646 2056 705 2078 nos
725 2045 887 2078 admonet.

253 2100 269 2143 ἓ
292 2099 324 2133 1.
350 2101 478 2133 Dudum
499 2100 657 2144 siquidem
681 2098 781 2132 felicis
805 2099 957 2131 recorda-

48 2157 198 2216 Ιῒέῃξξζ
209 2152 305 2187 tionis
336 2154 410 2187 Pius
438 2154 523 2197 Papa
553 2153 705 2195 quintus,
731 2152 958 2195 praedecessor

83 2218 196 2242 -cnitetmo
210 2211 331 2247 noster,
354 2208 417 2241 fide
441 2207 612 2251 dignarum
633 2216 846 2250 personarum
872 2205 959 2239 testi-

52 2252 198 2308 ιῗζῖξζωξξᾞζ
211 2261 328 2294 moniis
356 2261 474 2294 certior
502 2262 604 2294 factus
628 2260 741 2292 fratres

53 2315 113 2367 iffi:
137 2311 198 2334 *⁹¹⁰⁸
213 2314 249 2348 Μ.
277 2314 317 2347 de
336 2314 481 2347 Mercede
501 2313 743 2357 Redemptionis
753 2312 956 2356 Captivorum

769 2259 895 2292 Ordinis
920 2259 955 2292 Β.

210 2367 439 2401 reformatione
468 2367 624 2410 indigere,
647 2372 681 2399 ut
700 2366 868 2410 pastoralis
887 2366 957 2399 ofli-

211 2420 252 2454 cii
266 2421 376 2454 debito
395 2420 600 2459 satisfaceret,
627 2420 777 2463 Philippo
798 2420 836 2452 dc
854 2420 958 2452 Mene-

211 2484 272 2515 zes,
293 2479 370 2507 tunc
393 2473 511 2506 rectori
533 2473 659 2515 collegii
681 2472 712 2505 S.
740 2472 883 2515 Gregorii
901 2483 958 2515 op-

212 2526 278 2570 pidi
289 2526 463 2560 Vallisoleti
477 2526 661 2559 Palentinae
672 2525 828 2558 dioecesis
844 2525 875 2558 111
884 2536 958 2570 pro-

250 2595 260 2621 1
279 2593 322 2622 Ex
341 2593 452 2629 Regest.
471 2592 499 2620 in
515 2591 620 2620 Secret.
641 2590 783 2619 Brevium.

996 414 1100 447 ioniae
1119 414 1151 446 in
1169 415 1329 457 provincia
1345 416 1432 457 regni
1447 416 1642 457 Aragonum,
1659 414 1744 447 iuxta

996 477 1118 500 morem
1139 467 1298 501 dictorum
1320 469 1488 508 ttrslinnm,
1513 468 1744 501 tls-‹litinman-

995 521 1075 554 datis
1087 526 1121 554 ut
1141 522 1269 554 eosdem
1292 522 1404 554 fratres
1425 522 1456 554 tt.
1481 522 1596 554 Mariae
1612 522 1650 554 de
1670 523 1743 554 ,tter-

995 574 1083 613 costo,
1102 585 1280 617 eorumque
1301 575 1425 615 domos,
1449 580 1636 614 contentus,
1650 585 1743 618 supe-

996 628 1096 660 riores
1117 633 1147 660 et
1166 628 1307 670 singutas
1327 639 1479 672 personas
1489 628 1744 668 visitat-enmoc-

997 681 1145 724 rigerent,
1166 681 1399 721 reformarent,
1422 686 1452 713 et
1477 686 1539 713 tam
1565 681 1741 724 capitulum

995 734 1186 775 generalem
1207 734 1278 767 loco
1300 734 1344 767 cis
1364 734 1515 767 beneviso
1534 735 1742 773 convocandi,

995 799 1091 833 quam
1113 794 1228 822 statuta
1248 788 1420 828 condendi,
1448 788 1590 831 aliasque
1611 789 1742 833 amplis-

994 843 1091 875 simas
1111 842 1278 875 facultates
1302 841 1345 874 eis
1366 841 1534 874 concessit.

1038 896 1052 939 g
1076 896 1107 929 02.
1134 896 1202 935 Quo
1223 895 1371 939 Philippo
1387 900 1525 934 rectore,
1551 905 1585 927 re
1612 895 1738 935 infecta,

994 950 1157 989 defuncto,
1175 949 1246 992 piae
1268 947 1442 981 memoriae
1463 947 1636 990 Gregorius
1657 949 1740 993 Papa

994 1003 1071 1043 XiII,
1094 1003 1190 1036 etiam
1208 1002 1436 1046 praedecessor
1452 1007 1572 1041 noster,
1587 1001 1738 1042 dilectum

994 1057 1095 1089 filium
1126 1056 1364 1089 Ferdinandum
1396 1055 1445 1087 del
1480 1054 1628 1094 Castulo,
1663 1060 1739 1087 tuuc

994 1110 1135 1154 priorem
1156 1109 1271 1142 domus
1291 1109 1405 1141 Beatae
1426 1107 1540 1140 Mariae
1570 1108 1608 1139 de
1625 1109 1736 1148 Atoca,

993 1163 1119 1197 Ordinis
1136 1163 1270 1195 fratrum
1284 1161 1556 1201 Praedicatorum,
1571 1161 1741 1193 Toletanae

226 1246 488 1295 'Redemptiom's
525 1250 734 1294 Captivorum
775 1250 954 1283 observetur
972 1220 973 1268 1
994 1216 1160 1255 dioecesis,
1184 1216 1216 1247 in
1245 1215 1330 1247 illius
1360 1215 1479 1254 Iocum,
1501 1215 1606 1257 quoad
1630 1225 1739 1247 curam

995 1269 1140 1302 visitandi
1168 1274 1199 1302 et
1224 1268 1420 1301 reformandi
1441 1268 1607 1301 facultates
1628 1273 1655 1301 et
1678 1267 1740 1300 alia

994 1323 1187 1366 supradicta,
1210 1322 1404 1365 subrogavit.
1743 1355 1746 1358 ⁴

1011 1370 1050 1421 ’ξ
1075 1376 1105 1409 3.
1133 1376 1191 1416 Qui
1212 1376 1307 1409 ambo
1324 1376 1356 1408 in
1377 1375 1533 1419 oppidum
1560 1375 1597 1408 de
1619 1375 1741 1409 Guada-

995 1430 1221 1472 laxara,dictae
1237 1430 1406 1463 Toletanae
1419 1428 1585 1469 dioecesis,
1600 1429 1740 1472 legitime

994 1483 1230 1524 convenientes,
1262 1490 1357 1527 atque
1378 1483 1456 1515 inibi
1477 1482 1619 1526 capitulo
1645 1493 1740 1523 genc-

995 1538 1051 1571 11111
1079 1537 1214 1570 fratrum
1239 1537 1313 1569 dicti
1338 1536 1465 1570 Ordinis
1494 1536 1526 1568 Β.
1560 1535 1674 1568 Mariae
1703 1536 1741 1567 dc

996 1591 1137 1624 Mercede
1161 1596 1367 1633 congregato,
1396 1589 1655 1622 reformationem
1687 1599 1743 1632 op-

996 1650 1166 1688 1tortunain
1178 1648 1207 1677 et
1217 1643 1472 1686 novasquasdam
1487 1641 1739 1680 constitutiones,

996 1699 1078 1731 iuter
1106 1698 1168 1731 alia
1188 1698 1226 1730 de
1245 1697 1308 1730 loci
1329 1696 1427 1729 futuri
1449 1695 1581 1739 capituli
1608 1706 1741 1737 gencra-

997 1752 1043 1792 tis,
1058 1752 1161 1795 deque
1174 1750 1317 1793 magistri
1329 1749 1486 1793 generalis
1498 1749 1743 1791 electioncwro-

997 1806 1193 1847 mulgarunt,
1216 1815 1298 1848 quae
1319 1803 1427 1836 omuia
1438 1813 1496 1846 per
1509 1802 1655 1834 cumdem
1670 1802 1743 1834 Gr.)-

996 1859 1121 1902 gorium
1147 1858 1429 1902 praedecessorem
1460 1856 1648 1888 coutiriuata
1679 1854 1744 1886 fue-

1000 1918 1083 1953 runt,
1105 1911 1160 1954 qui
1179 1911 1289 1943 eadem
1312 1910 1365 1942 illa
1391 1907 1549 1941 mandarit
1575 1906 1743 1939 iuviolabi-

999 1967 1069 1998 'iter
1081 1965 1254 2003 observari,
1273 1969 1367 2007 prout
1384 1963 1414 1995 111
1435 1961 1568 2005 singulis
1583 1961 1743 1993 dictorum

1011 2019 1279 2052 ›raedeccssorum
1315 2017 1428 2049 litteris
1454 2016 1484 2047 in
1514 2016 1616 2048 fornia
1642 2013 1745 2047 brevis

998 2072 1149 2105 confectis
1166 2071 1261 2104 latius
1282 2070 1477 2103 continetur.

1041 2125 1106 2168 §le
1133 2123 1348 2164 verutus-etsi
1370 2133 1482 2155 omncs
1520 2121 1633 2153 fratres
1667 2120 1743 2153 dicti

998 2178 1123 2211 Ordinis
1144 2178 1176 2210 B.
1201 2176 1314 2210 Mat‘iste
1335 2176 1372 2208 dc
1390 2175 1533 2208 Mercede
1552 2174 1669 2217 ubique
1683 2174 1746 2206 cxi-

999 2238 1115 2265 steutes
1135 2231 1196 2263 illis
1216 2230 1419 2273 acquiescere
1432 2228 1742 2265 debuissent,tamen

999 2295 1096 2328 super
1115 2283 1333 2326 designatione
1354 2282 1430 2314 dicti
1453 2280 1513 2313 loci
1535 2291 1592 2324 pro
1605 2280 1745 2323 capitulo

998 2337 1139 2381 generali
1161 2335 1366 2372 ceielztraudo,
1390 2344 1516 2367 necnon
1537 2334 1692 2366 electione
1717 2339 1747 2366 et

1001 2387 1096 2419 modo
1123 2384 1260 2427 eligendi
1292 2383 1479 2426 magistrum
1509 2382 1690 2425 generalem
1717 2387 1747 2414 ct

1000 2435 1068 2468 aliis
1086 2435 1190 2467 forsan
1205 2433 1310 2471 relius,
1324 2432 1423 2464 varias
1437 2431 1747 2470 coutt·oversias,(lis—

1000 2484 1163 2517 scnsiones
1193 2489 1220 2515 ct
1243 2482 1348 2513 foi->an
1371 2481 1439 2513 lites
1464 2485 1600 2519 exortas,
1628 2480 1743 2516 adluu,

1000 2533 1094 2566 eliani
1115 2530 1336 2574 superlittct·is
1357 2528 1552 2567 huiusmodi,
1570 2529 1746 2560 dictorum-

1001 2593 1062 2626 que
1082 2581 1367 2626 praedeeessorum
1390 2577 1505 2611 mentis
1525 2584 1555 2611 et
1578 2577 1746 2610 voluntatis

1757 200 1810 229 An.
1831 199 1860 227 C.
1879 198 1947 228 1585

1784 909 1879 937 Philippo
1900 911 1938 931 do-

1755 942 1836 967 l'unrto,
1864 942 1937 963 t-'erdt-

1756 974 1846 993 nandum
1857 974 1890 993 det
1901 973 1938 993 Ca-

1755 1005 1811 1023 stitlo
1862 1004 1938 1025 suflicit

1754 1035 1869 1061 Gregorius
1880 1033 1930 1055 Xlll

1787 1388 1935 1416 commis-arii,

1755 1423 1827 1440 coarto
1843 1420 1934 1447 capitulo

1756 1451 1855 1477 generali,
1882 1458 1936 1472 nova

1756 1485 1833 1502 statuta
1865 1483 1937 1503 condi-

1757 1514 1838 1537 derunt,
1879 1518 1933 1539 quae

1757 1545 1830 1570 exequi
1854 1544 1935 1564 mandat

1757 1575 1862 1601 praetatus
1881 1574 1938 1595 Gre-

1757 1611 1834 1631 gorius.

1787 2141 1884 2160 Attamen
1904 2147 1941 2161 su-

1760 2177 1797 2197 per
1813 2172 1847 2191 1.111
1874 2170 1942 2191 telor-

1760 2202 1851 2221 matione
1890 2207 1944 2222 non-

1760 2232 1829 2253 nullae
1838 2233 1892 2253 iuter
1903 2233 1944 2253 lra-

1761 2267 1804 2283 tres
1858 2267 1942 2284 exortae

1760 2297 1942 2315 siittzcoutrovev

1761 2327 1812 2345 siae.
