2059 3228
119 246 175 277 Ἀτι.
193 249 212 277 C
237 250 306 280 1580

129 1118 299 1144 nerognuncon-

123 1154 235 1169 ustorum.

367 243 431 279 3⁶28

322 306 517 340 defensionis
542 300 702 350 praesidio
735 305 928 346 assistentes,
953 306 1070 340 saciant

321 359 439 392 dictam
461 360 646 392 societatem
667 358 851 402 praemissis
869 359 1020 393 omnibus
1040 365 1069 393 et

321 413 455 455 siugulis
468 412 602 456 pacifice
622 412 685 446 frui
705 418 736 446 et
755 413 906 456 gaudere,
917 424 983 446 non
998 424 1069 457 per-

320 467 482 499 mittentes
506 477 560 500 eos
583 478 642 511 per
669 468 829 511 praefatos
863 468 1011 501 consules
1039 473 1067 500 et

320 520 398 551 alios
418 530 642 564 quoscumque
663 521 802 566 desuper
826 521 1067 565 quomodolibet

320 572 458 605 indebite
487 574 666 616 1notestari;
695 575 950 609 contradictores
969 585 1067 619 quos-

319 625 396 658 libet
416 631 447 659 et
465 628 613 667 rebelles,
635 639 694 672 per
713 629 896 670 sententias,
914 639 1067 662 censuras

318 684 348 711 et
359 689 480 722 poenas
495 681 729 716 ecclesiasticas
745 683 872 725 aliaque
883 687 1067 726 opportuna

317 731 394 765 iuris
409 738 440 766 et
452 733 527 767 sacti
542 735 695 777 remedia,
704 736 920 779 appellatione
935 740 1067 780 postpo-

317 785 386 827 sita,
413 789 660 832 compescend0;
673 789 890 833 legitimisque
909 800 1008 833 super
1017 789 1067 822 his

316 838 471 873 habendis
491 842 621 875 servatis
640 843 855 887 processibus,
880 843 1065 883 sententias,

316 903 470 927 censuras
489 899 520 928 et
538 906 659 939 poenas
679 896 765 941 ipsas
774 897 871 930 etiam
884 896 1007 930 iteratis
1023 896 1066 929 vi-

315 945 406 979 cibus
423 950 638 991 aggravando,
656 950 804 984 invocato
816 950 914 984 etiam
934 951 974 983 ad
991 950 1064 991 hoe,

315 998 340 1031 si
361 1011 442 1043 opus
460 1001 570 1044 suerit,
592 1003 711 1037 auxilio
734 1004 861 1037 brachii
879 1003 1063 1037 saecularis.

358 1053 372 1096 ἕ
393 1053 423 1086 7.
445 1054 514 1087 Non
531 1055 732 1090 obstantibus
747 1056 944 1101 praemissis,
967 1067 1004 1089 ac
1023 1057 1066 1090 se-

313 1104 384 1138 licis
409 1107 642 1141 recordationis
661 1109 708 1142 Pii
728 1109 833 1154 Papae
853 1110 903 1150 IV,
930 1109 1066 1154 praede-

314 1160 447 1193 cessoris
467 1161 580 1202 nostri,
602 1173 660 1207 per
690 1174 788 1207 quam
818 1163 930 1196 statuit
957 1168 989 1197 et
1012 1174 1066 1196 or-

313 1213 434 1246 dinavit
453 1215 541 1258 quod
552 1226 664 1250 omnes
684 1222 715 1250 et
727 1216 857 1261 singuli,
878 1217 1066 1251 cuiuscum-

313 1277 376 1310 que
396 1272 507 1309 statUS,
529 1270 660 1312 gradus,
678 1270 801 1304 ordinis
821 1275 853 1304 et
871 1271 1067 1304 conditionis

313 1321 496 1363 existentes,
531 1323 587 1366 qui
621 1323 747 1367 aliquas
774 1324 894 1367 gratias
924 1330 957 1358 et
987 1335 1066 1358 con-

313 1375 494 1416 cessiones,
533 1387 616 1419 quae
640 1378 748 1421 aliqua
766 1389 803 1411 ex
827 1383 929 1422 parte,
955 1379 1067 1423 quavis

313 1429 438 1462 ratione
458 1440 515 1463 seu
540 1442 649 1473 causa,
676 1432 797 1466 directe
824 1433 875 1466 vel
898 1432 1066 1474 indirecte,

312 1482 549 1527 principaliter,
586 1485 779 1519 secundario
807 1486 857 1519 vel
877 1486 1066 1527 accessorie,

313 1541 369 1568 aut
388 1536 465 1570 alias
486 1538 597 1580 quovis
618 1539 715 1572 modo
731 1539 884 1573 Gamerae
904 1540 1066 1584 praefatae

313 1590 553 1635 qualecumque
570 1592 743 1626 minimum
762 1593 1002 1636 praeiudicium
1017 1595 1067 1627 vel

314 1642 487 1685 interesse,
524 1655 698 1688 gravamen
734 1657 793 1680 seu
835 1647 1066 1681 detrimentum

315 1707 512 1731 concernere
547 1704 768 1741 censerentur,
794 1700 865 1734 illas
888 1701 975 1735 intra
1002 1706 1068 1735 tres

314 1760 451 1793 menses,
474 1762 493 1785 a
512 1751 565 1785 die
585 1763 699 1786 eorum
720 1753 957 1795 impetrationis
978 1765 1067 1788 com-

313 1801 488 1844 putandos,
511 1801 545 1834 in
556 1802 670 1835 eadem
690 1802 824 1838 Camera
844 1810 1066 1848 praesentare,

314 1860 350 1882 ac
374 1849 496 1883 ibidem
516 1851 681 1894 registrari
708 1852 814 1886 facere
848 1853 1004 1887 deberent
1037 1858 1069 1887 et

314 1904 513 1940 tenerentur,
533 1899 691 1944 alioquin,
710 1901 809 1945 lapsis
842 1902 946 1935 tribus
975 1913 1067 1936 men-

314 1947 402 1980 sibus
426 1947 559 1990 eisdem,
581 1960 618 1982 ac
638 1950 748 1993 gratiis
777 1951 827 1984 vel
847 1952 1067 1986 concessioni-

314 1996 374 2029 bus
398 2007 463 2030 non
487 1999 699 2041 praesentatis
719 2000 894 2044 minusque
913 2001 1068 2043 registra-

314 2046 365 2085 tis,
392 2045 467 2079 illae
493 2047 526 2079 in
555 2047 676 2080 iudicio
711 2054 742 2081 et
765 2053 854 2081 extra
881 2049 1068 2082 nullatenus

314 2095 412 2127 tidem
437 2096 543 2128 facere
573 2101 715 2140 possent,
748 2102 779 2129 et
811 2102 978 2141 tamquam
1002 2108 1069 2131 non

315 2154 486 2177 concessae
507 2145 682 2188 nullaeque
703 2151 734 2178 et
753 2145 822 2189 ipso
846 2146 918 2179 iure
952 2147 1068 2179 invali-

316 2192 373 2224 dae
393 2203 430 2225 ac
450 2193 571 2226 nullius
584 2193 768 2227 roborisvel
788 2194 944 2227 momenti
956 2194 1066 2235 fuisse,

316 2251 383 2273 esse
404 2247 434 2274 et
453 2241 534 2283 fore,
570 2243 772 2287 neminique,
805 2248 841 2276 ut
869 2243 1065 2287 praefertur,

317 2291 483 2333 suffragari
500 2299 610 2335 posse3
634 2297 665 2325 et
684 2292 796 2336 regula
815 2297 925 2326 nostra
944 2292 983 2326 de
1002 2302 1069 2326 non

316 2341 458 2374 tollendo
484 2341 554 2375 iure
575 2342 733 2385 quaesito,
756 2342 781 2375 si
801 2352 884 2386 opus
903 2342 956 2383 sit,
979 2343 1067 2376 aliis-

318 2399 380 2431 que
419 2390 703 2424 constitutionibus
742 2396 773 2424 et
809 2391 1067 2425 ordinationibus

317 2438 513 2480 apostolicis,
525 2450 651 2473 necnon
664 2440 791 2481 litteris,
802 2440 975 2484 pendentia
986 2440 999 2464 ¹
1010 2452 1066 2475 seu

317 2489 535 2521 controversia
554 2489 601 2521 vel
623 2489 817 2530 differentia;
837 2500 874 2523 ac
895 2489 989 2523 etiam
1005 2490 1066 2524 Ur-

317 2535 366 2567 bis
397 2542 427 2568 et
459 2537 560 2580 Ripae
595 2538 810 2582 Cameraeque
834 2539 1064 2583 praefatarum,

318 2583 511 2626 iuramento,
539 2587 784 2621 confirmatione
809 2588 987 2632 apostolica
1017 2589 1066 2622 vel

355 2652 364 2677 ¹
384 2650 516 2686 Legimus
536 2660 638 2681 necnon
650 2653 702 2681 titis
714 2655 860 2688 pendentia
871 2656 910 2691 (R.
926 2655 974 2690 T.).

918 253 1097 278 thLARwM
1120 252 1270 278 nonium

1111 304 1224 349 quavis
1245 304 1395 337 firmitate
1416 306 1478 338 alia
1499 306 1670 347 roboratis,
1693 307 1865 341 statutis'et

1112 358 1415 398 consuetudinibus,
1442 358 1617 403 privilegiis
1649 371 1793 403 quoque,
1817 361 1865 394 in-

1111 411 1208 444 dultis
1229 416 1260 445 et
1280 411 1396 444 litteris
1416 412 1613 455 apostolicis,
1636 413 1732 446 etiam
1752 412 1816 447 illis
1832 419 1865 447 et
1891 433 1896 440 -

1111 464 1239 498 illarum
1260 465 1441 508 ceterisque
1474 465 1624 508 praefatis
1645 471 1676 499 et
1696 466 1864 509 quibusvis

1111 518 1181 552 aliis
1214 518 1439 562 superioribus
1477 524 1507 551 et
1544 520 1700 563 personis,
1734 530 1863 554 necnon

1110 572 1205 606 etiam
1226 572 1319 605 dictis
1349 572 1538 605 consulibus
1571 578 1602 606 et
1631 573 1862 617 piseivendulis

1110 636 1146 658 ac
1167 625 1334 670 quibusvis
1354 625 1425 658 aliis
1446 625 1605 669 personis,
1626 626 1659 658 in
1678 637 1796 670 genere
1811 627 1863 660 vel

1110 679 1143 712 in
1163 679 1282 723 specie,
1309 679 1368 712 sub
1400 679 1662 723 quibuscumque
1693 680 1862 714 tenoribus

1110 738 1141 766 et
1159 733 1287 774 formis,
1310 743 1348 766 ac
1368 743 1442 766 cum
1471 732 1654 777 quibusvis,
1679 729 1776 781 etiam
1804 734 1861 768 de-

1109 787 1345 830 rogatoriarum
1371 786 1584 830 derogatoriis
1620 785 1756 830 aliisque
1788 787 1861 821 effi-

1110 839 1291 874 cacioribus
1324 845 1356 874 et
1386 840 1538 881 insolitis,
1579 840 1743 881 clausulis,
1763 840 1860 875 etiam

1110 899 1212 936 motu,
1234 894 1368 928 scientia
1387 899 1418 928 et
1437 899 1593 938 potestate
1623 893 1794 934 similibus,
1822 905 1861 928 ac

1110 946 1206 980 etiam
1218 947 1496 988 consistorialiter,
1519 958 1555 981 ac
1568 942 1646 980 alias
1661 947 1695 980 in
1705 947 1862 991 praemis-

1109 1000 1152 1033 sis
1171 1001 1417 1044 quomodolibet
1438 1001 1609 1042 concessis,
1629 1001 1816 1045 approbatis
1829 1005 1861 1035 et

1109 1053 1278 1096 innovatis;
1300 1055 1419 1099 quibus
1447 1054 1608 1096 omnibus,
1642 1054 1699 1088 etsi
1730 1054 1770 1088 de
1796 1054 1860 1088 illis

1110 1107 1271 1152 specialis,
1293 1109 1458 1152 specifica,
1476 1119 1625 1153 expressa
1638 1113 1668 1142 et
1683 1107 1860 1149 individua,

1108 1171 1174 1194 non
1194 1166 1302 1195 autem
1322 1173 1382 1207 per
1405 1163 1567 1196 clausulas
1586 1162 1753 1205 generales
1772 1161 1875 1211 idem-

1109 1215 1333 1259 imponantes,
1354 1215 1475 1250 mentio
1495 1227 1553 1249 seu
1572 1216 1703 1260 quaevis
1721 1215 1785 1248 alia
1804 1226 1859 1249 ex-

1108 1269 1232 1313 pressio
1251 1269 1402 1303 habenda
1417 1270 1510 1310 floret,
1522 1275 1652 1303 tenores
1670 1268 1860 1303 huiusmodi

1108 1333 1168 1367 pro
1188 1323 1283 1367 plene
1308 1328 1339 1357 et
1371 1322 1573 1357 sufficienter
1604 1321 1764 1367 expressis
1800 1323 1859 1356 ha-

1108 1376 1233 1418 bentes,
1255 1376 1318 1410 illis
1339 1377 1417 1410 alias
1436 1376 1469 1409 in
1489 1382 1548 1411 suo
1572 1377 1691 1410 robore
1709 1386 1861 1421 perman-

1109 1430 1203 1472 suris,
1233 1431 1295 1465 hac
1322 1430 1390 1464 vice
1418 1431 1596 1482 dumtaxat,
1622 1430 1807 1476 specialiter
1828 1435 1861 1465 et

1109 1493 1256 1528 expresse
1289 1485 1497 1528 derogamus,
1520 1489 1552 1518 et
1570 1484 1761 1528 derogatum
1789 1496 1859 1520 esse

1109 1548 1146 1571 ae
1165 1539 1234 1572 fore
1254 1538 1472 1580 decernimus,
1494 1539 1675 1583 ceterisque
1687 1539 1860 1574 contrariis

1109 1591 1382 1637 quibuscumque.
1794 1618 1797 1622 -

1152 1646 1267 1679 Datum
1287 1647 1407 1680 Romae
1427 1646 1513 1690 apud
1533 1646 1687 1680 Sanctum
1712 1646 1856 1688 Petrum,

1109 1700 1170 1732 sub
1203 1701 1325 1734 annulo
1359 1700 1541 1742 Piscatoris,
1576 1700 1627 1733 die
1656 1710 1712 1734 vm
1746 1700 1858 1744 aprilis

1109 1763 1245 1794 MDLxxx,
1266 1754 1473 1798 pontificatus
1491 1753 1592 1787 nostri
1611 1764 1696 1788 anno
1714 1763 1782 1788 vl11.

1139 1811 1202 1842 Dat.
1222 1811 1270 1842 die
1288 1812 1305 1842 8
1321 1812 1424 1852 aprilis
1439 1812 1527 1849 1580,
1545 1811 1651 1852 pontif.
1669 1820 1747 1843 anno
1763 1818 1827 1843 vul.

1433 1988 1534 2022 CXIV.

1110 2062 1308 2108 Approbaeio
1346 2064 1567 2098 institutionis
1599 2068 1629 2098 et
1665 2069 1862 2099 statutorum

1154 2117 1436 2160 confraternitatis
1454 2117 1595 2152 Sanctae
1612 2117 1816 2153 Catharinae
1824 2119 1862 2152 de

1152 2170 1248 2203 Senis
1276 2171 1313 2204 de
1335 2171 1432 2212 Urbe,
1465 2182 1538 2205 cum
1564 2172 1720 2215 facultate
1751 2172 1861 2206 eadem

1153 2224 1351 2266 innovandi,
1383 2229 1413 2259 et
1436 2226 1719 2270 indulyentiarum
1741 2225 1860 2270 elargi-

1155 2278 1240 2311 tione
1265 2278 1294 2311 1.

1109 2357 1255 2393 Gregorius
1263 2359 1335 2394 Papa
1344 2358 1412 2392 xm.
1425 2359 1458 2388 ad
1468 2360 1630 2396 perpetuam
1639 2359 1680 2389 rei
1687 2359 1857 2389 memoriam.

1152 2428 1195 2461 Ex
1225 2430 1335 2463 debito
1366 2430 1537 2464 ministerii
1570 2431 1739 2475 pastoralis
1760 2431 1799 2464 ad
1823 2441 1860 2464 ea

1108 2488 1236 2516 nostrae
1257 2484 1457 2528 operationis
1476 2484 1581 2518 studia
1595 2484 1767 2528 diligenter
1785 2494 1860 2518 con-

1109 2536 1272 2578 vertimus,
1309 2547 1370 2581 per
1393 2548 1477 2582 quae
1497 2537 1662 2572 charitatis
1681 2543 1713 2571 et
1732 2537 1859 2570 miseri-

1109 2589 1238 2623 cordiae
1258 2601 1356 2634 opera
1376 2590 1498 2635 ubique
1529 2592 1687 2633 locorum,
1710 2600 1860 2636 praeser-

1144 2657 1156 2684 1
1173 2656 1216 2685 Ex
1235 2657 1338 2693 Regest
1352 2657 1382 2686 in
1397 2657 1504 2688 Secret.
1516 2658 1599 2688 Brev.
1853 2646 1863 2658 ⁸
