2059 3228
159 241 208 270 du.
225 241 257 270 C.
274 240 342 270 1584

181 671 205 692 Et
218 673 259 691 tum
273 673 336 696 prae-

154 706 229 723 svntcs
244 707 264 721 in
281 700 335 721 Urbe

155 739 213 760 quam
236 732 336 752 absentes

154 765 260 784 §uniones
275 761 336 784 Urbis

154 795 256 822 consequi
286 799 336 821 pos-

154 830 203 847 sunt
231 826 335 846 visitando

155 857 276 883 ecclesias.
314 859 336 878 ut

151 887 197 908 hie.

189 1953 285 1975 Facultas
294 1957 345 1979 [ιι-ω-

162 1986 228 2011 positi
257 1989 343 2009 genera·

164 2016 190 2037 lis
217 2013 343 2040 aggregandi

163 2047 215 2067 alias
231 2050 344 2070 cougrega-

164 2077 241 2103 tiones;

401 226 464 262 502

357 294 387 322 et
406 284 637 321 relaxationum
646 281 834 317 huiusmodi
846 281 1101 326 consequutione

355 341 522 374 observare
538 339 702 379 deberent,
715 337 801 382 apud
811 336 963 370 ecclesias
973 345 1101 369 eorum-

353 394 426 426 dem
446 393 593 425 locorum
618 395 673 424 aut
701 389 789 430 alibi,
815 394 912 434 prout
934 393 1097 433 poterunt,

354 444 552 479 observando
572 450 604 477 et
623 443 823 488 exequendo,
844 453 956 476 omnes
973 442 1100 475 easdem

353 497 579 541 indulgentias,
608 497 812 531 remissiones
836 501 867 530 et
890 496 1101 530 relaxationes

352 551 502 592 habeant,
523 556 553 585 et
572 551 646 584 illae
665 551 711 584 eis
730 550 851 595 pariter
870 549 1098 593 suffragentur.

396 605 411 648 ξ
435 604 488 638 16.
516 604 647 638 Necnon
670 609 735 637 tam
755 604 789 637 in
806 604 891 637 Urbe
911 613 1007 647 quam
1025 602 1100 635 alibi

351 658 454 692 ubivis
472 659 621 692 locorum
641 662 879 691 commorantes
897 657 1022 690 sodales
1038 655 1102 700 pri-

352 711 473 745 mariae
493 710 751 755 congregationis
770 720 826 744 seu
846 710 993 755 primarii
1012 710 1103 743 soda-

352 765 412 798 litii
435 765 632 806 huiusmodi,
657 763 725 809 qui,
751 763 887 807 singulis
897 762 1102 807 quadragesi-

353 818 493 852 malibus
512 824 544 852 et
562 818 634 852 aliis
657 817 734 851 anni
754 817 958 861 temporibus
977 827 1014 850 ac
1034 817 1102 850 die-

352 872 413 906 bus
440 873 626 913 stationum,
653 871 804 906 ecclesias
828 871 931 905 dictae
955 870 1049 904 Urbis
1073 875 1104 903 et

352 931 440 960 extra
463 926 552 959 illius
571 936 694 965 muros,
720 935 803 969 quae
835 936 854 958 a
884 923 1102 958 christifideli-

352 979 433 1021 bus,
473 990 532 1024 pro
570 979 806 1023 consequendis
834 978 1042 1021 indulgentiis
1072 982 1104 1010 et

352 1033 614 1074 remissionibus,
635 1032 755 1066 visitari
774 1032 889 1073 solent,
911 1031 1014 1064 dictae
1044 1030 1103 1064 So-

353 1086 486 1127 cietatis,
509 1086 535 1120 si
552 1086 596 1119 ibi
611 1086 718 1127 fuerit,
734 1085 878 1129 alioquin
892 1085 988 1118 aliam
1004 1084 1104 1117 eccle-

353 1140 432 1173 siam
453 1151 509 1174 seu
530 1141 708 1184 cappellam
729 1140 761 1173 in
781 1139 872 1179 locis,
894 1138 950 1171 ubi
971 1148 1024 1171 eos
1044 1148 1103 1181 pro

353 1199 500 1237 tempore
522 1194 664 1227 residere
688 1204 745 1227 seu
765 1192 886 1226 morari
917 1191 1105 1235 contigerit,

353 1254 390 1281 ut
414 1248 608 1291 praefertur,
629 1248 740 1281 devote
767 1245 975 1287 visitaverint,
1005 1250 1036 1278 et
1058 1241 1105 1277 ibi

354 1302 471 1346 septies
490 1301 673 1335 Orationem
693 1301 902 1341 Dominicam,
927 1305 958 1333 et
987 1299 1104 1343 septies

354 1355 586 1389 Salutationem
617 1355 802 1398 Angelicam
824 1354 1038 1394 recitaverint,
1057 1358 1104 1386 tot

355 1414 386 1441 et
395 1408 522 1441 easdem
534 1407 750 1451 indulgentias
760 1412 1013 1451 consequantur,
1023 1417 1104 1451 quas

355 1467 631 1506 consequerentur
654 1461 679 1494 si
709 1461 820 1494 iisdem
845 1460 1045 1504 temporibus
1074 1465 1105 1493 et

354 1514 467 1548 diebus
488 1514 629 1557 singulas
654 1515 805 1547 ecclesias
829 1514 933 1547 dictae
957 1513 1049 1546 Urbis
1074 1518 1105 1546 et

355 1573 442 1601 extra
461 1567 547 1601 illius
567 1578 678 1601 muros
695 1567 891 1608 huiusmodi,
906 1577 964 1610 pro
984 1566 1104 1600 eisdem

355 1621 547 1655 stationibus
576 1627 606 1654 et
635 1622 843 1664 indulgentiis
870 1620 1105 1664 consequendis

355 1674 533 1719 deputatas,
554 1675 766 1719 personaliter
785 1674 959 1715 visitarent,
982 1685 1019 1707 ac
1038 1685 1105 1707 om-

355 1728 409 1762 nia
429 1733 460 1762 et
482 1728 620 1772 singula,
643 1739 726 1772 quae
746 1739 805 1772 pro
826 1727 1011 1760 huiusmodi
1032 1738 1105 1770 gra-

355 1783 475 1816 tiarum
495 1781 749 1825 consequutione
779 1781 1025 1824 quomodolibet
1055 1791 1105 1813 re-

357 1836 543 1881 quiruntur,
563 1836 657 1879 plene
677 1835 900 1878 adimplerent.

401 1890 416 1934 ἓ
437 1888 490 1922 17.
513 1889 682 1922 Praeterea
702 1888 807 1921 eidem
835 1888 1019 1931 praeposito
1050 1898 1105 1920 seu

356 1941 476 1976 vicario
497 1941 638 1985 generali
656 1951 715 1985 pro
736 1946 881 1984 tempore
897 1940 1054 1979 existenti,
1073 1944 1108 1972 ut

359 1997 391 2030 in
415 1995 581 2041 quibusvis
605 1995 676 2029 aliis
699 1995 803 2028 dictae
822 1994 990 2028 Societatis
1012 1995 1108 2027 colle-

358 2050 417 2095 giis
437 2055 525 2083 extra
542 2049 660 2083 Urbem
677 2048 884 2092 praedictam,
906 2059 962 2091 per
982 2048 1108 2080 univer-

359 2113 431 2137 sum
452 2103 563 2136 orbem
584 2112 671 2135 nunc
692 2107 722 2135 et
741 2112 800 2145 pro
821 2106 965 2144 ternpore
979 2100 1105 2141 erectis,

360 2167 417 2190 seu
437 2166 550 2190 eorum
568 2155 723 2195 ecclesiis,
744 2165 802 2198 pro
823 2153 1011 2187 eorumdem
1043 2153 1110 2197 pio-

360 2220 433 2242 rum
469 2219 620 2253 operumv
640 2208 851 2246 incremento,
889 2217 1110 2250 quascumque

362 2261 439 2295 alias
471 2273 528 2295 seu
562 2270 788 2305 quaecumque
818 2260 880 2293 alia
913 2259 1110 2292 scholarium

363 2315 481 2348 ibidem
506 2315 686 2348 litterarum
711 2314 825 2348 studiis
845 2313 1060 2347 insistentium
1082 2318 1112 2345 ct

363 2368 500 2402 aliorum
522 2368 780 2402 christifidelium
801 2367 861 2411 ipsi
881 2366 1031 2400 Societati
1055 2366 1111 2398 de-

364 2423 510 2450 votorum
529 2417 794 2460 congregationes
809 2427 865 2449 seu
881 2415 1039 2454 sodalitia,
1053 2414 1112 2447 sub

366 2475 404 2498 eo
425 2466 516 2499 titulo
534 2466 802 2499 Annunciationis
821 2466 854 2498 B.
878 2464 1004 2504 Mariae,
1030 2474 1112 2507 quae

367 2513 407 2545 ab
428 2514 495 2556 ipsa
519 2514 671 2557 primaria
693 2513 941 2557 congregatione
965 2523 1021 2545 seu
1046 2511 1113 2555 pri-

947 227 1126 254 BULLAmUM
1148 227 1297 252 ROMANUM

1140 284 1249 313 tamen
1262 279 1429 314 Societatis
1441 286 1495 315 aut
1511 282 1720 323 collegiorum
1739 286 1770 315 et
1785 280 1888 315 eccle-

1141 333 1262 366 siarum
1278 333 1465 368 huiusmodi
1482 336 1693 379 praeiudicio,
1715 335 1840 378 erigere
1857 337 1890 368 et

1141 392 1319 420 instituere.

1185 440 1273 483 §ta
1295 441 1433 485 Illasque
1453 452 1509 475 seu
1529 442 1584 475 illa
1601 442 1706 475 eidem
1715 440 1889 486 primariae

1142 494 1382 537 congregationi
1403 506 1459 529 seu
1484 495 1638 540 primario
1662 494 1809 528 sodalitio
1833 504 1889 538 ag-

1142 558 1286 591 gregare,
1310 558 1347 581 ac
1368 548 1412 582 eis
1440 549 1485 582 sic
1515 549 1641 590 erectis,
1676 548 1832 582 institutis
1860 552 1893 582 et

1141 601 1320 644 aggregatis
1339 612 1517 646 eorumque
1538 602 1701 636 sodalibus
1712 601 1892 646 praedictas

1142 665 1179 688 ac
1198 665 1311 688 omnes
1331 660 1362 688 et
1385 666 1608 700 quascumque
1627 655 1705 688 alias
1723 655 1894 699 indulgen-

1142 708 1212 749 tias
1222 714 1430 753 peccatorum
1441 709 1656 749 remissiones,
1667 708 1891 750 relaxationes,

1142 763 1261 805 gratias
1272 768 1303 796 et
1312 763 1491 803 facultates,
1509 768 1574 796 tam
1591 762 1776 807 spirituales
1795 771 1893 805 quam

1142 817 1348 860 temporales,
1368 828 1386 850 a
1404 816 1498 850 nobis
1516 816 1666 860 dictaque
1682 815 1764 849 Sede
1772 815 1893 860 prima-

1143 869 1208 902 riae
1228 869 1470 913 congregationi
1489 880 1546 903 seu
1565 869 1720 914 primario
1745 868 1892 903 sodalitio

1143 923 1182 955 de
1197 928 1305 956 cetero
1321 923 1557 965 concedendas,
1574 923 1616 956 ita
1630 928 1666 956 ut
1680 923 1805 956 sodales
1817 922 1894 956 alia-

1143 986 1216 1009 rum
1241 975 1528 1020 congregationum
1544 987 1600 1010 seu
1619 975 1759 1009 aliorum
1777 975 1894 1010 sodali-

1142 1029 1261 1062 tiorum
1285 1030 1492 1071 huiusmodi,
1527 1029 1732 1063 observantes
1759 1033 1791 1063 et
1818 1039 1892 1063 exe-

1143 1089 1279 1126 quentes
1299 1094 1348 1125 ea,
1369 1094 1453 1128 quae
1482 1083 1584 1129 ipsius
1611 1081 1785 1128 primariae
1813 1092 1892 1116 con-

1143 1137 1338 1180 gregationis
1362 1148 1418 1171 seu
1437 1137 1583 1182 primarii
1603 1136 1741 1171 sodalitii
1753 1136 1891 1177 sodales,

1142 1201 1202 1234 pro
1222 1190 1443 1234 indulgentiis,
1465 1190 1711 1224 remissionibus
1726 1195 1758 1224 et
1769 1190 1892 1223 relaxa-

1144 1243 1286 1277 tionibus
1305 1244 1491 1277 huiusmodi
1511 1243 1759 1288 consequendis,
1781 1242 1892 1276 obser-

1144 1308 1217 1331 vare
1236 1302 1268 1331 et
1287 1298 1401 1341 exequi
1424 1297 1552 1338 dehent,
1569 1297 1697 1331 easdem
1721 1296 1893 1340 indulgen-

1145 1351 1212 1392 tias,
1231 1356 1441 1395 peccatorum
1461 1350 1666 1384 remissiones
1685 1355 1717 1384 et
1726 1349 1894 1384 relaxatio-

1143 1415 1199 1438 nes
1218 1404 1340 1448 pariter
1363 1410 1618 1448 consequantur,
1653 1403 1804 1438 facultate
1837 1413 1892 1447 ag-

1143 1458 1296 1502 gregandi
1321 1464 1352 1491 et
1375 1458 1493 1502 gratias
1516 1457 1704 1491 huiusmodi
1723 1457 1794 1491 aliis
1813 1467 1892 1491 con-

1145 1511 1280 1545 cedendi
1300 1512 1465 1545 dumtaxat
1481 1516 1624 1556 excepta,
1638 1511 1890 1544 communicare.

1188 1567 1203 1609 §
1227 1565 1280 1600 19.
1306 1566 1439 1600 Necnon
1457 1572 1523 1599 tam
1542 1565 1729 1609 primariam
1750 1575 1807 1598 seu
1826 1563 1894 1608 pri-

1145 1620 1297 1661 marium,
1323 1630 1420 1663 quam
1446 1629 1558 1653 omnes
1582 1624 1613 1652 et
1632 1619 1775 1662 singulas
1794 1617 1823 1652 ei
1843 1628 1895 1661 ag-

1145 1673 1322 1718 gregandas
1356 1672 1622 1716 congregationes
1651 1682 1708 1705 seu
1732 1671 1841 1705 omnia
1864 1675 1896 1704 et

1145 1728 1270 1770 singula
1277 1726 1306 1760 ei
1321 1727 1524 1771 aggreganda
1535 1726 1682 1759 sodalitia
1693 1724 1892 1766 huiusmodi,

1145 1791 1204 1825 per
1223 1791 1256 1814 se
1275 1781 1323 1813 vel
1343 1781 1443 1813 alium
1460 1791 1517 1813 seu
1534 1780 1613 1813 alios
1628 1779 1773 1812 eiusdem
1789 1777 1895 1812 Socie-

1145 1834 1219 1867 tatis
1234 1834 1438 1878 presbyteros
1457 1833 1591 1866 idoneos
1610 1832 1649 1866 ad
1669 1832 1701 1865 id
1720 1832 1761 1865 ab
1780 1842 1818 1865 eo
1838 1831 1894 1866 de·

1146 1887 1306 1931 putandos
1314 1886 1453 1927 visitare,
1464 1892 1494 1919 et
1505 1896 1563 1930 pro
1580 1896 1691 1919 earum
1706 1884 1792 1919 felici
1801 1890 1894 1927 statu,

1147 1940 1303 1983 regimine
1314 1945 1343 1972 et
1354 1939 1530 1973 directione
1546 1949 1739 1983 quaecumq.
1766 1944 1892 1980 statuta,

1148 1993 1395 2026 constitutiones
1422 1998 1454 2026 et
1473 1993 1615 2033 decreta,
1637 1992 1726 2025 licita
1742 1997 1850 2026 tamen
1865 1997 1896 2026 et

1148 2047 1282 2079 honesta
1291 2046 1454 2089 sacrisque
1465 2046 1644 2079 canonibus
1652 2051 1684 2078 et
1691 2045 1821 2079 concilii
1829 2045 1897 2078 Tri-

1149 2100 1272 2132 dentini
1292 2100 1430 2133 decretis
1444 2110 1509 2132 non
1521 2099 1692 2140 contraria,
1704 2109 1832 2132 necnon
1856 2099 1895 2132 ah

1150 2153 1218 2196 ipso
1230 2153 1412 2197 praeposito
1424 2163 1477 2185 scu
1489 2153 1619 2192 vicario,
1632 2153 1657 2186 si
1668 2163 1726 2196 per
1738 2152 1837 2185 alium
1847 2152 1896 2186 vel

1150 2206 1230 2239 alios
1254 2207 1454 2250 deputandos
1468 2205 1651 2239 huiusmodi
1665 2206 1753 2246 fiant,
1777 2204 1896 2239 exami-

1150 2260 1257 2292 nanda
1269 2265 1298 2292 et
1311 2259 1530 2303 approbanda,
1546 2259 1654 2299 edere3
1665 2269 1712 2300 ac,
1727 2263 1897 2303 postquam

1152 2313 1238 2345 cdita
1259 2313 1389 2353 fuerint,
1413 2313 1538 2356 quoties
1559 2323 1617 2356 pro
1637 2322 1750 2345 eorum
1770 2317 1801 2345 et
1820 2317 1898 2346 tem-

1152 2376 1270 2410 porum
1294 2366 1447 2409 qualitate
1480 2371 1535 2398 aut
1566 2365 1844 2409 alias*expediens
1868 2364 1897 2399 ei

1152 2415 1321 2456 videbitur,
1345 2415 1529 2453 immutare,
1547 2415 1719 2458 corrigere,
1737 2414 1898 2448 moderari

1154 2470 1186 2497 ct
1202 2465 1387 2504 reformare,
1409 2470 1463 2496 aut
1483 2463 1544 2496 alia
1559 2474 1594 2496 ex
1612 2462 1736 2506 integro
1746 2462 1895 2504 condere,

1153 2512 1254 2546 libere
1275 2519 1305 2545 et
1320 2513 1407 2545 licite
1423 2513 1535 2553 valeat,
1563 2512 1681 2545 eisdem
1711 2511 1898 2545 auctoritate

368 2562 470 2595 mario
495 2563 641 2596 sodalitio
667 2569 829 2607 tamquam
856 2562 1000 2595 membra
1024 2572 1040 2593 a
1061 2570 1114 2592 ca-
1132 2557 1135 2618 Ι
1154 2562 1330 2605 apostolica
1342 2568 1371 2594 et
1388 2567 1509 2601 tenore,
1523 2567 1679 2605 perpetuo
1690 2559 1898 2594 concedimus

369 2609 434 2655 pite
453 2610 663 2654 dependeant,
680 2611 869 2645 auctoritate
896 2616 1016 2651 nostra,
1045 2610 1115 2643 sine
1132 2621 1137 2659 ζ
1156 2616 1188 2644 ct
1206 2611 1423 2654 indulgemus,
1445 2611 1657 2644 Decernentes
1673 2615 1801 2651 statuta,
1823 2619 1898 2643 con-

1914 430 1988 470 mim

1902 474 1925 494 et
1943 473 2007 502 imig

1970 1545 2021 1599 ἧς

1933 1570 2013 1662 (1οὲ

1907 1609 1919 1624 n
1923 1608 1934 1624 e
1937 1609 1946 1624 S

1910 1637 1964 1655 stam

1908 1666 1928 1687 di
1950 1665 2038 1692 iuste·

1908 1695 2011 1723 regium·-

2012 465 2023 488 ‚l

2021 489 2023 500 Ι

1902 513 2011 535 communic
2030 525 2031 528 =
