2059 3228
312 180 377 215 964

311 243 326 286 g
349 241 402 275 27.
425 238 661 283 Responsiones
680 236 718 269 ad
739 234 894 268 articulos
908 239 940 267 et
967 232 1015 266 iu-

106 310 252 336 uespnnsune
266 299 410 329 ramenta
438 303 536 337 super
566 290 691 335 partitis
719 287 875 328 decisivis‚
905 297 1014 320 coram

70 342 96 362 “¹
110 341 219 366 ³¹¹¹⁶⁰¹⁰⁸’
266 347 396 380 domino
434 346 675 379 locumtenente
713 347 837 374 tantum
870 339 1015 384 recipere

266 400 389 444 possint
406 404 436 432 et
455 398 604 437 debeant,
630 395 690 429 nisi
711 395 779 439 ipse
799 394 891 427 aliter
906 393 1016 426 decre-

265 453 355 493 verit,
386 463 423 485 ex
454 462 549 484 causa
580 448 777 483 infirmitatis
801 452 858 481 aut
885 446 1016 480 alterius

265 506 399 549 legitimi
420 503 646 549 impedimenti
667 501 925 545 collitigantium.

309 559 324 602 g
344 558 614 601 28 Quicumque
631 568 668 590 ex
677 554 814 589 notariis
826 555 889 587 sive
909 559 1017 586 actua-

121 624 252 657 amariorum
266 611 322 644 riis
341 611 373 644 in
393 621 508 644 eorum
528 609 643 643 officiis
669 607 884 642 scribentibus
904 606 936 638 in
961 605 1018 638 ali-

71 661 110 706 221⁰
114 655 208 711 ’,ἶὲζὲἶζίῗ
212 657 254 673 '¹¹¹'
266 675 330 707 quo
341 664 591 707 praemissorum
604 661 852 702 contravenerit,
867 670 925 704 pro
937 670 1017 702 qua-

266 718 342 751 libet
354 717 422 751 vice
436 727 574 761 poenam
585 721 667 750 scut.
686 725 758 754 xxm
777 714 920 758 aliasque
940 722 1017 756 poe-

267 783 323 806 nas
335 771 539 816 pecuniarias
558 776 589 804 et
607 769 753 814 corporis
767 767 942 805 afflicfivas,
960 775 1018 809 pro

267 825 363 859 modo
381 835 528 859 excessus
540 835 558 857 a
574 823 791 867 gubernatore
807 819 1019 859 arbitrandas,

268 881 424 921 incurrat,
447 879 630 922 damnaque
649 882 681 911 et
696 876 850 910 interesse
874 873 1020 918 partibus

268 934 403 968 reficere
423 939 568 976 cogatur.

313 988 328 1031 ξ
351 987 406 1021 29.
428 984 616 1019 Mandatarii
635 983 734 1017 huius
763 982 873 1016 curiae
902 979 1021 1014 citatio-

107 1055 256 1076 mnamrio-
269 1052 327 1075 nes
351 1045 383 1074 et
407 1040 486 1073 alias
510 1038 686 1072 relationes
718 1036 751 1069 in
775 1034 902 1078 scriptis
926 1033 1021 1066 dum-

73 1088 258 1140 {ssfflffiesfim
271 1100 356 1128 taxat
394 1093 514 1126 referre
552 1092 701 1131 debeant,
742 1088 952 1134 exprimendo
981 1098 1022 1120 an

272 1146 486 1192 personaliter
504 1146 553 1179 vel
573 1145 660 1178 domi
694 1143 787 1187 copia
814 1141 944 1175 dimissa
973 1141 1022 1173 vel

271 1202 376 1241 affixa,
399 1206 429 1233 et
453 1209 495 1232 an
516 1198 555 1231 ad
583 1198 688 1231 statim
715 1197 763 1229 vel
783 1195 824 1229 ad
849 1194 945 1228 hodie
966 1205 1024 1238 per

271 1260 371 1288 totam
391 1263 448 1287 seu
477 1253 517 1286 ad
547 1252 688 1296 primam
719 1250 767 1283 vel
804 1249 901 1282 aliam
938 1248 1023 1281 diem

271 1307 417 1341 fecerint.

317 1361 503 1401 Citationes,
539 1357 756 1392 intimationes
785 1361 842 1390 etc.
869 1366 1023 1400 persona-

274 1414 349 1448 liter
374 1418 430 1447 aut
455 1412 543 1446 domi
568 1412 698 1445 dimissa
725 1411 831 1454 copia,
865 1420 931 1443 non
956 1420 1026 1442 exe-

275 1474 428 1513 quantur,
450 1473 522 1512 post
553 1468 728 1501 secundam
762 1467 877 1499 horam
906 1464 1024 1504 noctis;

275 1533 333 1566 per
358 1521 541 1555 affixionem
560 1526 682 1562 autem,
707 1530 773 1554 non
798 1519 860 1552 nisi
889 1520 927 1552 de
950 1519 1024 1559 die;

276 1581 307 1611 et
325 1581 403 1610 tunc
421 1576 455 1608 in
475 1575 686 1608 relationibus
712 1573 892 1618 exprimant
916 1573 1027 1606 fecisse

277 1631 315 1663 de
336 1629 401 1670 die,
423 1628 556 1661 dimissa
578 1627 671 1672 copia
695 1627 789 1660 affixa
812 1626 845 1659 in
867 1626 920 1659 tali
940 1626 1024 1659 loco.

269 1687 279 1699 ³
320 1684 356 1716 In
376 1683 595 1722 citationibus,
617 1688 683 1715 tam
703 1680 822 1714 actoris
847 1690 944 1723 quam
969 1679 1027 1718 rei,

277 1747 396 1771 nomen
413 1747 488 1770 cum
508 1736 715 1779 cognomine,
737 1734 786 1767 vel
800 1744 873 1767 cum
887 1733 1029 1767 exercitii

278 1791 552 1834 habitationisque
572 1789 793 1832 designatione
813 1787 1004 1831 exprimant.

322 1844 357 1876 In
381 1843 587 1877 citationibus
615 1843 656 1875 ad
679 1842 853 1875 videndum
883 1840 1030 1874 mandari

281 1897 461 1940 consignari
479 1897 626 1941 pignora,
642 1895 924 1939 apponantetiam:
942 1900 970 1928 el
988 1896 1031 1928 vi-

279 1950 421 1983 dendum
437 1950 593 1983 mandari
611 1949 810 1982 subhastari.

326 2004 341 2047 ς
361 2003 415 2036 30.
432 2003 466 2036 In
485 2013 600 2036 eorum
616 2002 821 2035 mercedibus
841 2001 1033 2046 recipiendis

113 2066 180 2086 Tuae
199 2064 271 2085 obser<
283 2062 407 2090 servent
429 2067 543 2090 eorum
569 2061 656 2089 taxas
665 2066 672 2095 ;
699 2056 785 2089 ultra
813 2066 905 2099 quas,
937 2056 1032 2089 etiam

87 2100 166 2122 tantia,

71 176 123 222 Ari.
139 191 169 220 c.
189 191 253 220 ¹587

116 2227 249 2255 pignoribu53
286 2216 546 2260 quibuscumque
558 2216 603 2249 eis
615 2216 846 2259 consignanda,
864 2215 1034 2249 ordinatim

287 2270 492 2312 singulariter
511 2270 664 2303 adnotare
694 2270 831 2303 debeant
860 2269 892 2302 in
923 2280 1035 2302 eorum

287 2323 391 2363 libris,
426 2323 635 2367 exprimendo
666 2334 775 2356 rerum
807 2323 977 2367 qualitates
1007 2328 1035 2356 et

288 2372 491 2415 quantitates,
514 2378 544 2405 et
567 2383 685 2405 nomen
706 2372 885 2405 executoris
899 2378 930 2405 et
948 2371 1038 2406 colli-

291 2420 471 2462 ligantium.
484 2421 623 2463 Pignora
643 2421 872 2461 subhastanda,
895 2420 1036 2464 publice,

291 2467 324 2500 in
339 2470 410 2502 loeo
423 2470 606 2509 commodo,
620 2470 658 2503 ad
670 2469 700 2502 id
717 2481 774 2513 per
788 2470 1039 2513 gubernatorem

293 2518 487 2561 deputando,
515 2523 623 2551 tenere
652 2519 798 2559 debeant,
837 2530 854 2551 a
891 2519 943 2552 die
975 2531 1040 2563 quo

294 2565 473 2610 receperint
493 2567 640 2600 mandata
667 2568 705 2601 de
733 2567 962 2614 subhastando,
985 2579 1040 2602 us-

867 180 1045 205 numanum
1065 179 1215 204 ROMANUM

285 2116 425 2154 asponte
439 2110 602 2150 dantibus,
620 2109 846 2143 nihilomnino
861 2109 1031 2153 accipiant.
1075 2110 1114 2143 de
1138 2114 1231 2142 nocte
1251 2118 1357 2152 neque
1377 2108 1417 2141 de
1441 2107 1492 2141 die
1522 2108 1646 2148 festivo,
1673 2107 1735 2141 nisi
1758 2107 1824 2141 sint

329 2164 344 2207 ξ
364 2163 417 2197 31.
440 2163 576 2206 Pignora
605 2163 715 2196 omnia
746 2164 786 2196 ab
811 2162 1057 2200 executoribus!
1077 2163 1268 2207 suspicionis
1288 2162 1392 2205 fugae.

1055 242 1184 276 quequo
1215 231 1398 275 receperint
1424 231 1574 264 mandata
1605 231 1645 265 de
1677 230 1800 265 delibe-

1055 284 1168 318 rando.
1196 282 1380 321 Oblationes
1409 283 1610 326 recipiendas
1643 283 1801 316 adnotare

1055 337 1192 370 debeant
1211 337 1244 369 in
1264 346 1378 370 eorum
1395 335 1585 375 libris,⁴cum
1601 335 1802 379 appositione

1055 390 1143 431 anni,
1165 390 1285 423 mensis
1303 396 1336 423 et
1355 389 1430 430 diei,
1457 399 1495 422 ac
1519 389 1722 432 expressione
1745 400 1802 423 no-

1056 442 1162 483 minis,
1184 443 1386 487 cognominis
1405 441 1613 484 exercitiique
1633 447 1666 475 et
1677 442 1802 476 habita-

1055 496 1151 529 tionis
1169 496 1388 530 offerentium.
1409 496 1478 528 Non
1493 494 1653 538 recipiant
1671 495 1804 529 oblatio-

1056 560 1113 583 nes
1137 550 1372 593 cuiuscumque
1401 548 1548 582 officialis
1571 549 1669 582 huius
1696 549 1805 583 curiae

1056 613 1116 636 nec
1144 603 1190 636 eis
1217 603 1438 643 servientium,
1470 612 1576 646 neque
1610 601 1804 634 mandatarii

1056 657 1202 691 affinium
1234 658 1285 692 vel
1303 656 1621 701 consanguineorum
1644 666 1747 700 usque
1765 656 1805 690 ad

1058 711 1188 744 tertium
1213 712 1363 755 gradum.
1911 751 1914 753 Α

1101 764 1116 808 ἓ
1136 764 1190 798 32.
1212 764 1416 808 Quicumque
1434 764 1468 798 in
1485 764 1594 808 aliquo
1613 763 1807 807 praemisso-
1878 770 2000 801 Eorum

1058 828 1131 850 rum
1151 819 1398 858 contravenerit,
1417 828 1556 862 poenam
1571 821 1737 850 scutorum
1753 816 1806 850 de·
1820 805 1952 861 ffifflssi'„

1059 881 1129 904 cem
1149 882 1208 916 pro
1235 871 1379 916 qualibet
1397 871 1479 910 vice,
1516 871 1658 915 aliasque
1686 881 1807 915 poenas

1060 924 1264 967 pecuniarias
1288 931 1319 958 et
1338 926 1485 970 corporis
1504 925 1678 965 afflictivas,
1706 924 1808 968 priva-

1062 980 1221 1024 tionisque
1240 980 1350 1021 officii,
1372 991 1431 1025 pro
1452 981 1548 1014 modo
1559 990 1708 1014 excessus
1721 990 1740 1012 a
1753 991 1810 1023 gu-

1063 1036 1232 1068 bernatore
1257 1035 1470 1074 arbitrandas,
1498 1035 1657 1075 incurrat,
1678 1034 1811 1067 damna·
1840 1073 1842 1075 .

1062 1099 1124 1132 que
1150 1094 1182 1122 et
1212 1089 1367 1123 interesse
1391 1089 1536 1132 partibus
1560 1087 1695 1121 reficere
1719 1097 1809 1121 com-

1064 1143 1213 1186 pellatur.

1106 1197 1121 1240 ξ,
1140 1195 1193 1230 33.
1216 1196 1445 1230 Procuratores
1464 1206 1530 1229 non
1556 1195 1680 1239 possint
1699 1201 1810 1230 actua·
1823 1193 1951 1252 Πεκξξζὶζῐ

1065 1252 1135 1284 liter
1146 1251 1273 1294 exigere
1284 1250 1415 1284 nomine
1426 1261 1560 1283 suorum
1569 1249 1810 1294 principalium,
1823 1261 1868 1292 urm
1883 1257 1941 1277 cire·
1951 1259 1977 1290 ο,

1064 1305 1158 1338 etiam
1179 1305 1218 1338 ab
1237 1305 1322 1338 Urbe
1341 1303 1535 1345 absentium,
1548 1309 1578 1337 et
1595 1304 1706 1347 vigore
1719 1313 1811 1337 man-
1823 1290 1914 1313 ‘mm’

1064 1359 1213 1392 datorum
1237 1359 1276 1391 ad
1301 1358 1504 1401 exigendum,
1527 1358 1636 1401 aliqua
1650 1358 1813 1399 bona,res

1066 1417 1095 1445 et
1118 1412 1273 1456 pecunias
1294 1422 1312 1445 a
1344 1411 1455 1455 quavis
1474 1421 1625 1455 persona,
1651 1411 1684 1443 in
1710 1411 1814 1444 causis

1066 1471 1096 1498 et
1114 1465 1257 1508 negociis
1276 1464 1378 1508 ipsius
1395 1464 1582 1504 tribunalis,
1603 1464 1664 1497 nisi
1684 1464 1813 1509 praevio

1066 1518 1291 1562 gubernatoris
1309 1518 1452 1558 decreto,
1481 1517 1580 1561 gratis
1607 1518 1746 1562 desuper
1764 1518 1814 1551 in-

1069 1572 1280 1616 terponendo.
1302 1571 1340 1604 Et
1359 1571 1414 1616 qui
1433 1571 1680 1612 contravenerit,
1707 1571 1815 1605 officio

1069 1625 1288 1671 procuratoris
1307 1626 1439 1659 omnino
1471 1625 1627 1670 privetur,
1659 1636 1815 1670 poenam-

1069 1691 1131 1724 que
1160 1679 1395 1723 pecuniariam,
1417 1679 1642 1723 gubernatoris
1668 1679 1814 1721 arbitrio,

1069 1734 1179 1767 solvat.

1112 1788 1127 1831 g
1147 1786 1200 1820 34.
1223 1786 1416 1820 Executores
1442 1785 1675 1830 cuiuscumque
1702 1786 1816 1820 Curiae

1073 1841 1220 1874 mandata
1242 1840 1340 1874 liuius
1358 1840 1529 1873 tribunalis
1548 1846 1753 1884 exequentes,
1766 1840 1816 1873 ni-

1073 1896 1117 1928 bil
1141 1895 1226 1927 ultra
1250 1904 1364 1928 eorum
1392 1900 1507 1933 taxam‚
1539 1893 1634 1927 etiam
1659 1905 1677 1927 a
1704 1899 1818 1938 sponte

1073 1948 1232 1989 dantibus,
1256 1947 1424 1991 recipiant,
1461 1953 1493 1980 et
1511 1947 1572 1980 nisi
1603 1953 1676 1992 post
1702 1947 1819 1981 saetam

1073 2002 1294 2035 executionem
1315 2001 1378 2034 sive
1397 2007 1578 2045 capturam.

1117 2056 1132 2099 ξ
1155 2055 1209 2089 35.
1232 2055 1379 2088 Mandata
1397 2054 1502 2088 civilia
1525 2065 1591 2088 non
1622 2059 1822 2098 exequantur
1835 2059 1968 2120 Μςξξξειιιε

1853 1795 1946 1818 umento
1977 1818 1980 1819 γ

1829 1833 1870 1856 que
1891 1827 1949 1848 circa
1985 1846 1990 1850 ff

1829 1865 1874 1884 ns,

1120 2216 1291 2250 Cautiones
1322 2216 1354 2249 in
1383 2215 1572 2249 executione
1599 2216 1825 2249 mandatorum

1079 2271 1262 2303 nullatenus
1282 2269 1451 2313 recipiant,
1464 2269 1520 2302 sed
1539 2269 1743 2302 executiones
1757 2279 1827 2302 rea-

1080 2324 1151 2357 liter
1173 2324 1221 2356 vel
1238 2323 1462 2367 personaliter,
1488 2328 1586 2366 prout
1606 2322 1638 2355 in
1667 2321 1827 2355 mandatis

1080 2372 1277 2412 continetur,
1299 2379 1517 2415 exequantur;
1544 2371 1744 2415 pignoraque
1769 2371 1827 2403 ba-

1081 2422 1224 2454 roncello
1244 2420 1340 2454 liuius
1356 2420 1470 2453 Curiae
1489 2420 1573 2452 infra
1591 2419 1726 2452 biduum
1749 2429 1826 2452 con-

1081 2471 1217 2514 signent,
1229 2469 1432 2512 describique
1448 2469 1563 2502 faciant
1574 2469 1606 2501 in
1624 2468 1717 2507 libro,
1730 2477 1825 2512 quem

1082 2519 1245 2563 praelatus
1264 2518 1469 2551 baroncellus
1483 2518 1523 2550 ad
1541 2517 1570 2550 id
1584 2517 1764 2560 specialiter
1784 2522 1827 2548 te-

1083 2579 1170 2609 nere,
1185 2568 1217 2601 in
1228 2578 1330 2611 eoque
1350 2567 1514 2607 adnotare,
1529 2566 1643 2599 debeat
1657 2563 1827 2608 qualitates
