2059 3228
96 251 182 291 4584

191 430 403 464 emanassent,
424 424 537 467 illique
557 435 708 457 concessa
732 429 763 458 et
782 430 940 458 reservata

191 479 339 519 fuissent,
360 477 586 520 subrogamus.

220 532 236 576 g
251 531 282 565 5.
295 531 332 564 Et
342 530 553 564 nihilominus
566 531 667 563 eidem
685 530 821 573 collegio
837 531 939 564 eccle-

37 588 172 626 ign-coms,
188 585 267 619 siam
287 584 318 618 S.
343 584 483 623 Ioannis,
503 594 575 616 curn
592 583 753 622 domibus,
769 583 935 624 aediliciis,

39 621 174 680 ¹533:ss-
187 638 300 679 hortis,
318 637 472 671 membris
486 642 516 670 et
532 636 745 680 pertinentiis,
758 647 937 680 eorumque

39 713 105 736 m...
120 685 173 735 ’,ᾖ
187 691 250 726 situ
270 696 301 725 et
316 691 440 724 ambitu
459 690 660 729 huiusmodi,
682 689 725 722 ita
745 690 937 733 quodliceat

40 744 124 768 ΝΜ
137 744 172 766 '²¹
185 744 361 790 protectori
396 755 452 778 seu
483 744 600 777 rectori
630 743 706 776 dicti
731 743 856 785 collegii
878 753 936 787 pro

52 832 56 843 ι
87 777 173 829 εἶιῗῗιῗῖ
184 803 332 842 tempore
348 797 493 831 existenti
508 797 639 830 illorum
656 796 800 830 omnium
817 807 934 840 corpo-

37 837 171 899 &agonum
185 851 287 885 ralem
307 851 556 896 possessionem,
575 861 677 894 perse
691 850 739 883 vel
757 849 857 882 alium
878 860 933 882 seu

185 903 276 945 alios,
304 903 436 937 nomine
469 903 613 937 eiusdem
635 903 776 945 collegii,
803 902 934 946 propria

183 957 388 998 auctoritate,
409 957 509 990 libere
539 956 783 1000 apprehendere
809 962 840 989 et
859 966 933 999 per-

183 1016 283 1055 petuo
309 1012 471 1051 retinere;
505 1011 706 1054 fructusque,
739 1009 884 1042 redditus
903 1014 934 1042 et

181 1070 369 1108 proventus,
397 1063 480 1104 iura,
517 1063 726 1098 obventiones
755 1069 786 1096 et
805 1063 931 1096 emolu-

52 1148 59 1160 ,
181 1121 290 1150 menta
308 1128 533 1161 quaecumque
558 1117 632 1150 inde
656 1115 879 1161 provenientia
898 1116 930 1148 in

50 1170 61 1199 ἰ
181 1170 308 1214 collegii
333 1175 364 1204 et
382 1171 526 1205 ecclesiae
546 1170 653 1204 Sancti
670 1171 798 1204 Ioannis
820 1170 931 1202 huius-

48 1218 62 1228 ”
179 1223 267 1257 modi
291 1234 370 1257 usus
397 1229 429 1257 et
454 1224 627 1257 utilitatem
656 1235 693 1257 ac
726 1224 930 1257 necessitates

179 1282 384 1319 convertere;
405 1288 531 1311 necnon
548 1278 651 1311 eidem
668 1278 812 1311 ecclesiae
826 1278 856 1311 S.
879 1278 929 1310 Io-

179 1331 273 1364 annis
288 1342 347 1376 per
365 1342 467 1365 unum
488 1332 535 1364 vel
554 1332 675 1375 plures,
697 1331 794 1365 etiam
826 1331 929 1364 dictae

49 1385 81 1430 ἦ
177 1385 331 1426 nationis,
358 1385 540 1419 sacerdotes
564 1386 744 1419 saeculares
764 1386 812 1418 vel
834 1395 929 1428 regu-

43 1433 73 1488 ἐξ
171 1438 272 1479 stares,
293 1439 333 1472 ad
353 1445 468 1472 nutum
493 1450 552 1483 pro
585 1444 731 1483 tempore
764 1438 927 1472 existentis

45 1492 75 1539 ξ,-
175 1491 369 1536 protectoris
388 1492 515 1535 collegii
543 1492 731 1525 huiusmodi
760 1492 927 1536 ponendos

51 1543 69 1558 ⁴'
176 1551 210 1579 et
227 1546 433 1586 amovendos,
445 1545 609 1587 deserviri,
627 1546 804 1588 missasque
825 1551 855 1579 et
865 1545 926 1578 alia

47 1563 74 1639 ,ἲ
177 1598 284 1632 divina
303 1599 420 1639 officia,
439 1599 533 1632 etiam
546 1599 682 1632 Arabico
693 1600 743 1632 vel
754 1599 925 1632 Chaldaico

46 1646 75 1699 ᾗ
175 1653 340 1694 idiomate,
355 1653 511 1687 celebrari
530 1654 648 1691 facere,
669 1654 809 1687 cuiusvis
828 1654 927 1687 lieen-

45 1710 66 1755 (3
175 1707 219 1740 tia
238 1707 377 1751 desuper
390 1708 523 1740 minime
533 1707 699 1751 requisita,
718 1708 837 1741 eisdem
849 1719 926 1752 apo-

47 1758 59 1775 Ὶ

175 1760 288 1794 stolica
306 1761 497 1794 auctoritate
510 1766 540 1794 et
549 1767 672 1801 tenore,
685 1761 834 1795 similiter
850 1773 923 1805 per-

174 1820 273 1858 petuo
285 1815 503 1847 concedimus.
513 1814 771 1857 pensionemque
783 1826 923 1849 annuam

175 1867 390 1900 ducentorum
404 1867 595 1900 ducatorum
606 1868 806 1907 huiusmodi,
827 1880 924 1913 super

170 1918 356 1964 ‘praedictae
368 1931 496 1954 mensae
513 1921 684 1963 fructibus,
701 1922 879 1957 redditibus
893 1929 924 1957 et

55 1990 64 2004 ι
175 1974 384 2017 proventibus
404 1974 508 2007 eidem
529 1974 665 2017 collegio
685 1986 742 2008 seu
757 1975 844 2009 iltius
863 1988 922 2021 pro

172 2033 321 2072 tempore
345 2027 491 2062 existenti
521 2028 696 2072 protectori
725 2030 774 2062 vel
804 2031 922 2065 rectori

174 2086 230 2113 aut
248 2081 318 2114 eius
336 2082 540 2125 procuratori
560 2083 608 2115 vel
626 2093 814 2124 oeconomo,
832 2085 871 2117 ad
890 2085 923 2118 id

174 2134 303 2178 abipso
331 2140 514 2178 protectore
535 2147 590 2169 seu
623 2142 748 2170 rectore
783 2138 921 2180 speciale

49 2195 63 2223 Τ
175 2187 364 2220 mandatum
375 2189 517 2229 habenti,
528 2189 722 2223 durantibus
729 2190 822 2224 dictis
829 2191 923 2234 quin-

173 2240 277 2274 decim
307 2242 399 2275 annis
427 2243 606 2283 dumtaxat,
634 2255 693 2287 per
721 2244 921 2278 Felicianum

174 2294 362 2338 episcopum
383 2300 414 2328 et
433 2306 635 2329 successores
655 2297 849 2340 praedictos,
867 2309 922 2331 an-

56 2343 64 2370 3
174 2347 224 2380 nis
243 2347 390 2391 singulis,
412 2348 445 2380 in
477 2349 600 2382 loco‘et
623 2350 784 2394 terminis,
806 2361 843 2384 ac
862 2352 921 2385 sub

144 2392 149 2398 ⁵
174 2400 349 2441 sententiis,
370 2401 514 2435 censuris
525 2408 560 2445 ,et
570 2402 692 2446 poenis,
703 2414 831 2436 necnon
847 2415 920 2437 cum

174 2449 325 2482 omnibus
349 2456 379 2483 et
410 2450 544 2493 singulis
569 2452 838 2495 exemptionibus,
864 2453 922 2485 im-

174 2498 394 2538 munitatibus,
413 2499 627 2540 libertatibus,
637 2500 774 2534 decretis
789 2507 819 2534 et
832 2502 921 2535 clau-

174 2546 262 2586 sutis,
294 2558 330 2580 ac
357 2547 435 2580 alias
467 2548 563 2581 modo
595 2554 626 2581 et
658 2550 772 2591 lbrma,
803 2551 922 2594 quibus

174 2595 261 2628 dicto
278 2596 429 2640 hospitali
450 2603 607 2630 reservata
628 2604 696 2631 erat
715 2604 746 2631 et
770 2599 847 2632 solvi
867 2600 921 2633 de-

173 2643 279 2685 bebat,
301 2645 424 2689 integre
456 2647 713 2690 persolvendam,
745 2648 921 2692 apostoliea

797 261 972 288 canconms
993 261 1050 287 xm
1072 263 1119 286 ΙΨ.

195 318 380 365 perindeac
395 316 421 351 si
431 326 492 362 pro
503 316 572 361 ipso
593 316 741 361 collegio,
752 328 817 351 non
834 323 940 352 autem
985 317 1176 350 auctoritate
1201 323 1228 351 et
1257 323 1367 352 tenore
1393 318 1566 359 similibus,
1590 328 1731 353 reserva-

191 372 352 417 hospitali,
372 371 556 415 specialiter
574 376 606 404 et
621 382 768 415 expresse
788 370 827 404 ab
849 370 940 404 initio
987 381 1070 410 mus,
1094 371 1321 404 constituimus
1340 378 1371 405 ct
1385 372 1597 416 assignamus.

1644 254 1685 288 77
1744 265 1796 295 An.
1814 266 1843 295 C.
1861 268 1928 299 158ae

1026 423 1041 466 ξ
1060 423 1091 456 6.
1115 424 1249 467 Insuper
1269 425 1441 467 collegium
1463 425 1674 469 praedictum,
1691 424 1730 458 il-
1770 433 1928 472 tssxefnpunpom

981 477 1107 520 liusquc
1128 482 1297 517 rectorem,
1319 489 1524 519 oeconomos,
1547 478 1728 522 magistros,
1744 468 1927 525 ζυέῗζξῖᾙξξζ

981 537 1208 574 praeceptores
1222 537 1317 574 atque
1336 532 1497 565 scholares
1514 543 1573 576 pro
1585 538 1728 576 tempore
1744 529 1929 586 ?53,³3„⁸,3‚⁰¹⁰“²‘²

980 584 1012 616 in
1033 594 1070 616 eo
1096 583 1277 624 existentes,
1305 595 1484 628 eorumque.
1520 586 1726 626 domesticos,

980 637 1134 670 officiales
1154 642 1184 670 et
1205 637 1380 677 ministros,
1404 648 1530 671 necnon
1545 638 1644 682 ipsius
1664 639 1730 672 col-

978 689 1051 733 legii
1070 690 1156 723 hona
1185 691 1316 723 mobilia
1336 697 1367 724 ct
1381 691 1569 732 immobilia,
1580 702 1729 736 praesen-

977 743 1021 775 tia
1041 749 1071 776 et
1097 744 1215 780 sutura,
1250 744 1483 788 cuiuscumque
1512 745 1676 788 qualitatis
1696 749 1729 779 et

978 797 1353 840 quantitatisexistentia‚
1376 808 1412 830 ac
1429 798 1535 830 tamin
1546 799 1630 831 dieta
1642 798 1725 832 Urbe

976 861 1074 894 quarn
1099 856 1189 883 extra
1209 861 1278 883 eam
1300 856 1333 884 et
1357 850 1435 883 alias
1463 851 1662 895 ubicumque
1680 852 1727 885 lo-

976 914 1089 937 corum
1098 903 1318 944 consistentia,
1341 904 1379 936 ab
1390 904 1723 945 omniiurisdictione,

975 957 1131 998 dominio,
1167 957 1394 1000 superioritate
1423 964 1454 990 et
1486 963 1642 1001 potestate
1665 969 1724 1002 pro

975 1015 1122 1055 tempore
1157 1010 1361 1044 existentium
1395 1010 1518 1051 vicarii,
1553 1011 1721 1051 senatoris,

974 1070 1236 1098 conservatorum
1246 1071 1275 1097 et
1288 1065 1537 1098 reformatorum
1549 1064 1651 1098 dictae
1664 1065 1724 1098 Ur-

972 1118 1033 1159 bis,
1061 1129 1188 1152 necnon
1204 1118 1338 1152 rectoris
1357 1119 1459 1152 Studii
1473 1118 1632 1162 generalis
1641 1118 1724 1152 eius-

973 1171 1044 1204 dem
1056 1172 1209 1212 Urbis,ac
1229 1172 1468 1205 ordinariorum
1483 1172 1630 1205 locorum
1646 1171 1724 1205 alio-

972 1235 1111 1269 rumque
1135 1226 1282 1259 iudicum
1302 1231 1333 1259 et
1352 1225 1538 1258 officialium
1564 1235 1721 1268 quorum-

972 1289 1111 1322 cumque
1130 1279 1164 1312 in
1196 1279 1264 1322 ipsa
1288 1279 1373 1312 Urbe
1403 1279 1453 1312 vel
1485 1279 1564 1312 alias
1582 1278 1722 1312 ubilibet

971 1332 1235 1366 constitutorum.

1014 1386 1029 1428 ἓ
1045 1384 1075 1418 7.
1098 1386 1231 1420 Necnon
1242 1386 1326 1419 idem
1339 1385 1524 1429 collegium,
1538 1385 1720 1430 inpropriis
1768 1401 1915 1423 casularum-

969 1438 1038 1472 eius
1060 1440 1155 1472 bonis
1175 1445 1207 1473 et
1218 1441 1327 1479 rebus,
1350 1451 1399 1480 ac,
1421 1439 1500 1473 dicti
1522 1438 1647 1483 collegii
1668 1450 1718 1471 ra·
1732 1437 1917 1491 ξζξξὲῇᾛᾛζ

970 1492 1067 1534 tione,
1086 1494 1247 1527 scholares
1259 1504 1479 1537 personasque
1498 1493 1531 1526 in
1546 1504 1585 1526 eo
1602 1492 1719 1536 degen-
1731 1495 1915 1552 ffgffl‘rgfflw

967 1551 1025 1587 tes,
1048 1557 1085 1580 ac
1105 1547 1184 1580 alios
1216 1558 1289 1580 cum
1311 1547 1380 1590 ipso
1415 1546 1656 1586 contrahentes,
1678 1546 1717 1578 ab
1833 1541 1838 1546 “
1875 1540 1881 1550 ”

967 1601 1119 1634 omnibus
1142 1606 1173 1634 et
1192 1601 1328 1643 singulis
1352 1606 1530 1644 portarum,
1557 1599 1716 1633 molendi-

967 1665 1097 1695 norum,
1119 1655 1253 1694 farinae,
1269 1655 1368 1687 trium
1381 1665 1440 1699 pro
1461 1653 1658 1693 centenario,
1679 1663 1717 1686 ac

966 1714 1107 1751 quatuor
1125 1707 1280 1741 iuliorum
1291 1718 1349 1752 pro
1369 1708 1633 1751 quolibetvegete
1650 1705 1714 1738 vini

965 1762 1044 1796 solvi
1064 1762 1243 1802 solitorum,
1272 1762 1407 1806 aliisque
1431 1761 1536 1801 datiis,
1558 1759 1711 1805 pedagiis,

964 1816 1185 1859 vectigalibus,
1208 1815 1360 1858 angariis,
1373 1826 1410 1848 ac
1428 1820 1534 1848 terrae
1554 1812 1714 1857 marisque

965 1869 1108 1913 gabellis,
1122 1869 1270 1909 dohanis‚
1284 1868 1450 1902 bulletinis
1462 1873 1494 1901 et
1506 1866 1714 1911 quibuscum-

965 1934 1027 1966 que
1047 1922 1118 1955 aliis
1131 1923 1294 1962 oneribus,
1308 1921 1480 1955 ordinariis
1491 1926 1521 1954 et
1539 1920 1713 1954 extraordi-

964 1976 1073 2016 nariis,
1102 1976 1258 2009 haetenus
1289 1974 1533 2019 quomodolibet
1555 1973 1712 2018 impositis

964 2035 994 2063 et
1014 2030 1219 2074 inposterum
1234 2029 1519 2073 quandocumque,
1540 2027 1652 2071 quavis
1661 2037 1712 2061 oc-

964 2084 1093 2117 easione
1116 2084 1165 2117 vel
1191 2094 1300 2122 causa,
1326 2083 1423 2115 etiam
1453 2081 1492 2114 de
1520 2080 1712 2114 necessitate

963 2137 1184 2181 exprimenda,
1200 2135 1416 2180 imponendis,
1443 2135 1539 2168 etiam
1569 2134 1712 2168 adinstar

963 2190 1178 2234 exemptionis
1198 2190 1390 2223 dilectorum
1410 2188 1554 2221 filiorum
1574 2187 1710 2221 clerico-

963 2255 1036 2277 rum
1056 2244 1204 2277 Gamerae
1229 2241 1441 2286 Apostolicae,
1464 2241 1560 2275 etiam
1585 2241 1711 2274 ratione

962 2298 1074 2342 Ripae,
1100 2297 1255 2341 Ripettae,
1284 2296 1430 2329 dohanae
1464 2300 1581 2335 terrae,
1614 2295 1710 2328 etiam

962 2352 1106 2395 grasciae
1134 2355 1350 2393 nuncupatae,
1383 2348 1478 2381 Urbis
1513 2348 1707 2392 praedictae,

962 2415 1089 2438 necnon
1109 2403 1268 2443 carnium,
1306 2402 1382 2442 vini,
1416 2411 1605 2445 granorum,
1626 2413 1709 2446 pan-

962 2463 1092 2492 norum,
1114 2451 1183 2491 lini,
1193 2452 1297 2491 lanae,
1310 2450 1415 2490 serici,
1433 2450 1604 2491 librorum,
1617 2451 1709 2484 char-

963 2508 1069 2535 tarum
1089 2507 1121 2534 et
1140 2510 1420 2543 quarumcumque
1441 2499 1578 2533 aliarum
1597 2510 1707 2533 rerum

961 2551 1001 2583 ad
1021 2551 1197 2583 humanum
1221 2549 1340 2582 victum
1365 2554 1397 2581 et
1414 2548 1563 2582 vestitum
1595 2558 1707 2582 neces-

961 2599 1131 2638 sariarum,
1153 2609 1190 2631 ex
1201 2603 1266 2631 toto
1287 2602 1396 2631 nostro
1405 2597 1495 2631 Statu
1509 2596 1706 2631 Ecclesiasti-

962 2659 999 2683 co
1009 2654 1041 2682 et
1049 2648 1312 2693 quibuscumque
1324 2646 1392 2680 aliis
1400 2647 1481 2682 locis
1487 2652 1575 2681 extra
1583 2647 1705 2680 dictum
