2059 3228
89 209 120 241 0·
138 210 206 240 1575

45 874 71 898 Δ.
81 875 106 897 0.
117 873 206 896 Itu-isdi-

820 222 1001 247 GRECORIUS
1027 222 1082 246 XIII
1108 224 1157 247 1²1³.

215 280 431 316 quoscumque
453 271 531 305 alios
554 276 642 305 aetus
666 273 782 307 similes
806 274 961 313 faciendo,
994 274 1179 306 roniatarios
1205 275 1391 319 illorumque
1430 276 1606 319 singulares
1636 287 1743 320 perso-

213 323 355 368 ipsorum
379 326 545 357 consulum
570 327 836 359 aromatariornm
859 326 963 359 eonsi-

213 377 291 411 lium
315 382 421 421 petere
446 383 627 419 teneantur;
646 380 729 422 quod
754 380 778 412 si
804 385 961 422 protome-

214 430 303 465 dicus
336 434 368 463 et
402 431 575 463 consiliarii
611 432 716 465 minus
748 432 959 475 probaverint,

214 493 317 527 neque
348 494 420 516 cum
452 484 490 516 iis
521 486 747 525 consenserim,
773 490 847 517 tunc
871 490 960 516 eatur

213 541 300 570 recta
316 537 356 570 ad
373 537 551 570 auditorem
568 538 773 581 praedictum,
791 536 844 579 qui
863 547 957 568 mann

993 336 1047 358 nas
1072 337 1088 358 a
1114 327 1276 368 quibusvis
1301 330 1647 371 exennimunic-ationis,
1676 341 1744 365 sus·

993 378 1149 419 pensionis
1174 384 1201 411 et
1229 380 1387 413 interdicti
1428 383 1559 426 aliisque
1597 383 1744 416 ecclesia-

991 436 1076 463 sticis
1100 432 1273 473 sententiis,
1299 435 1440 466 censuris
1465 440 1492 467 et
1508 436 1744 478 poenis‚aiure

991 485 1035 516 rel
1059 485 1098 516 ab
1123 484 1262 525 homine,
1280 487 1389 528 quavis
1402 489 1568 521 occasione
1580 490 1626 522 vel
1637 499 1742 531 causa,

991 537 1069 577 latis,
1101 537 1126 569 si
1167 538 1282 581 quibus
1323 540 1558 581 quomodolibet
1597 542 1743 577 innodati

213 589 312 631 regia,
336 590 423 622 omni
459 596 489 623 et
523 601 721 633 quacumque
751 590 957 633 appellatione
988 589 1135 630 existunt,
1161 590 1200 622 ad
1224 590 1369 623 effectum
1412 594 1627 633 praesentium
1653 595 1744 628 dum-

211 647 344 683 remota,
369 648 538 685 cognoscat
560 648 592 676 et
615 643 749 683 decidat,
766 647 793 674 et
813 642 956 684 deinceps

212 699 355 728 servetur
379 695 480 729 forma
504 706 599 738 supra
623 696 655 728 in
684 695 789 739 primo
823 694 958 737 capitulo

210 759 369 792 expressa.

255 809 271 853 ἓ
294 810 345 844 ⁶26.
370 811 456 843 Idem
479 810 605 843 auditor
622 809 671 843 his
683 809 831 842 omnibus
854 809 960 841 decre-

215 862 254 895 tis
277 864 468 906 exequendis
491 863 619 906 praesit,
658 873 694 895 ac
718 863 833 905 quibus
858 863 889 894 in
915 874 960 894 re-

213 916 272 949 bus
284 915 357 949 solis
369 916 584 959 protomedico
596 921 627 949 ct
642 916 830 949 consiliariis
847 926 962 957 cogno-

213 968 319 1002 scendi
343 974 374 1002 et
396 969 561 1001 decidendi
585 969 799 1012 puniendique
824 969 961 1007 facultas,

212 1021 332 1064 absque
355 1021 416 1054 alio
439 1021 570 1054 consilio
605 1022 769 1054 consulum
808 1027 961 1054 aromata-

211 1074 344 1115 riorum,
369 1075 441 1107 data
465 1080 522 1115 est,
562 1075 654 1108 liceat
692 1075 912 1115 aromatariis,
938 1075 959 1107 si

211 1128 339 1172 quando
363 1139 396 1161 se
420 1127 536 1161 iniuste
549 1128 629 1161 laedi
647 1134 894 1171 conquerantur,
912 1140 963 1161 eo—

211 1191 281 1214 ram
304 1181 416 1214 eodem
439 1181 585 1214 auditore
623 1181 661 1214 de
700 1191 810 1213 eorum
836 1181 962 1212 iniuriis

211 1243 316 1277 agere,
341 1234 395 1278 qui
419 1234 540 1277 pariter
563 1244 660 1266 manu
684 1234 782 1277 regia,
821 1234 907 1267 omni
932 1240 958 1266 et

210 1294 412 1328 quacumque
436 1286 646 1330 appellatione
669 1291 806 1325 remota,
831 1297 883 1318 eos
908 1297 962 1318 au-

210 1338 289 1380 diat,
313 1344 354 1379 et,
379 1344 475 1382 prout
498 1339 578 1372 iuris
616 1339 688 1380 erit,
726 1339 901 1382 praecipiat
932 1346 959 1372 et

210 1397 394 1435 exequatur,
418 1398 450 1425 et
479 1403 558 1436 quos
595 1392 788 1425 calumniose
825 1403 961 1435 conque-

211 1450 276 1479 stos
299 1456 366 1479 esse
389 1446 544 1489 repererit
566 1445 700 1479 arbitrio
729 1457 784 1479 suo
824 1447 946 1478 mulctet
954 1456 961 1485 ;

212 1500 409 1543 mulctasque
432 1499 491 1532 hac
514 1510 550 1532 ex
573 1510 667 1532 causa
684 1505 806 1532 exactas
820 1500 961 1543 physico-

211 1564 284 1586 rum
308 1552 439 1595 collegio
463 1558 494 1586 et
517 1553 665 1596 hospitali
689 1552 851 1596 praedicto
867 1553 900 1586 in
919 1559 961 1586 to-

210 1611 280 1639 tum
303 1606 448 1650 applicet.

259 1670 274 1712 ἓ
298 1668 350 1702 027.
363 1668 510 1702 Consules
522 1667 787 1700 aromatariorum
800 1678 835 1700 ex
852 1678 960 1700 eornm

41 1739 204 1768 cenna-,nm-
216 1722 415 1756 decretorum
462 1721 607 1753 facultate
653 1731 725 1753 cum
771 1721 961 1762 protomedi-

195 1780 249 1811 ‘co
273 1781 304 1809 et
328 1774 516 1808 consiliariis
541 1775 578 1806 de
603 1784 636 1806 re
675 1773 779 1816 aliqua
818 1774 850 1806 in
888 1784 961 1806 con-

211 1829 317 1863 silium
341 1828 447 1861 venire
464 1827 590 1865 debent,
607 1826 814 1869 protomedici
832 1827 959 1859 domum

211 1883 324 1916 adeant
349 1882 472 1925 quoties
496 1880 535 1913 ab
559 1891 596 1913 eo
620 1880 735 1912 suerint
755 1880 864 1920 vocati,
882 1880 958 1912 saeta

211 1936 301 1980 prius
325 1934 527 1978 praecedenti
553 1933 601 1965 die
627 1933 827 1965 intimatione
845 1960 852 1973 ,
877 1934 960 1976 quod

210 1988 237 2020 si
250 1988 356 2020 venire
370 1986 574 2029 neglexerint,
595 1986 828 2028 protomedicus
841 1991 872 2018 et
888 1997 961 2019 con-

212 2040 321 2073 siliarii
346 2041 464 2083 absque
486 2039 668 2072 consulibus
691 2040 799 2072 omnia
822 2051 914 2083 agere
932 2046 962 2073 et

213 2091 382 2125 decernere
405 2093 534 2136 possint.

258 2154 274 2197 ἓ
297 2152 350 2186 ⁶28.
374 2153 485 2194 Quare,
510 2165 567 2197 pro
592 2159 680 2196 parte
712 2155 906 2187 medicorum
932 2162 958 2188 et

19 2197 478 2264 Ρῇιέξσξέἓῖοιῦἑῗθωηιᾶῐπίοι-ιιη]
504 2208 751 2249 praedictorum,
790 2209 880 2241 nobis
904 2210 959 2241 suit

19 2262 82 2285 tione.

214 2258 377 2292 humiliter
400 2259 607 2302 supplicatum
632 2266 664 2293 ut
689 2261 833 2303 capitulis
872 2274 960 2306 prae-

214 2310 318 2351 dictis,
341 2321 400 2354 pro
424 2311 549 2343 illorum
574 2313 777 2346 subsistentia
816 2315 959 2355 firmiori,

213 2364 313 2397 robur
337 2365 525 2406 apostolicae
549 2365 798 2399 confirmationis
815 2368 959 2407 adiicere,

211 2416 353 2459 aliasque
377 2415 410 2447 in
435 2417 616 2459 praemissis
653 2425 829 2461 opportune
858 2422 960 2463 provi-

213 2469 288 2502 dere
312 2469 350 2502 de
372 2468 567 2512 benignitate
606 2473 775 2514 apostolica
814 2474 961 2516 dignare-

211 2533 294 2556 mur.

255 2585 271 2625 ,ξ
294 2584 346 2620 ⁶29.
368 2585 430 2619 Nos
453 2584 552 2628 igitur
574 2586 698 2619 eosdem
724 2587 860 2620 medicos
883 2594 913 2621 et
929 2599 960 2622 a—

990 647 1070 674 taxat
1096 644 1368 686 consequendum,
1395 645 1509 677 liarum
1534 647 1614 679 serie
1640 648 1742 681 absol-

990 701 1093 728 ventes
1118 701 1147 729 et
1173 697 1332 729 absolutos
1358 698 1423 729 sore
1440 704 1612 738 censentes,
1627 710 1663 731 ac
1680 704 1742 731 sta-

991 753 1054 780 tum
1080 754 1111 781 et
1136 750 1245 782 merita
1270 760 1437 782 causarum
1452 750 1634 784 huiusmodi
1651 763 1743 795 prae-

991 801 1131 834 sentibus
1156 813 1213 845 pro
1239 803 1392 846 expressis
1418 803 1568 836 habentes
1586 832 1593 845 ‚
1634 806 1744 838 huius-

993 855 1075 887 modi
1101 856 1382 898 supplieationIbus
1405 856 1556 896 inclinati,
1581 858 1662 890 dicta
1680 863 1742 890 sta-

993 913 1058 940 tuta
1081 914 1112 941 et
1135 909 1270 949 decreta,
1295 910 1332 941 ‹le
1358 910 1552 942 medicorum
1575 915 1604 942 et
1619 920 1743 942 aroma-

994 961 1146 993 {ariorum
1170 962 1404 1004 praedictorum
1428 972 1592 1001 consensu,
1618 968 1742 1005 aposto-

995 1014 1051 1046 lica
1075 1014 1275 1053 auctoritate,
1302 1021 1410 1047 tenore
1434 1014 1662 1057 praesentium,
1687 1025 1743 1057 ap-

995 1067 1164 1109 probamus
1187 1072 1215 1100 et
1242 1068 1479 1107 confirmamuffi
1504 1079 1540 1100 ac
1564 1068 1616 1100 illa
1641 1068 1743 1101 invio-

994 1119 1137 1160 labiliter,
1163 1121 1195 1152 in
1219 1127 1407 1163 perpetuum
1425 1126 1456 1153 et
1478 1121 1610 1163 singulis
1627 1121 1741 1154 suturis

993 1174 1197 1216 temporibus,
1222 1184 1278 1217 per
1316 1174 1568 1216 protomedicum
1592 1179 1623 1206 et
1648 1175 1740 1206 eolle-

992 1227 1076 1269 gium
1103 1227 1298 1260 medicorum
1315 1237 1351 1259 ae
1368 1228 1512 1259 consules
1524 1232 1554 1259 et
1571 1227 1739 1269 collegium

993 1280 1270 1319 aromatariorum,
1303 1291 1360 1323 pro
1400 1285 1542 1322 tempore
1567 1279 1735 1312 existentes

991 1339 1018 1366 et
1045 1334 1121 1366 alios
1145 1344 1359 1376 quoscumque
1384 1332 1608 1365 inviolabiliter
1631 1333 1740 1364 obser-

992 1386 1067 1425 vari3
1092 1397 1318 1429 processusque
1334 1391 1364 1419 et
1381 1392 1449 1419 acta
1473 1396 1690 1429 quaecumque
1707 1385 1740 1418 in

991 1439 1093 1471 causis
1117 1439 1297 1471 huiusmodi
1324 1439 1405 1471 sacta
1429 1439 1547 1471 cassari
1572 1443 1600 1471 et
1626 1438 1740 1470 annul-

992 1492 1058 1532 lari;
1083 1503 1118 1524 ac
1143 1492 1273 1524 medicis
1289 1498 1320 1524 et
1336 1492 1535 1525 aromatariis
1552 1497 1739 1535 perpetuum

992 1546 1149 1578 silentium
1174 1546 1293 1589 imponi
1320 1551 1350 1577 et
1387 1545 1570 1588 impositum
1596 1556 1663 1578 esse
1686 1555 1740 1577 vo-

991 1601 1103 1640 lumus,
1128 1604 1222 1642 prout
1246 1609 1406 1631 cassamus
1442 1603 1474 1630 et
1498 1598 1657 1631 silentium
1681 1598 1741 1631 im·

993 1652 1148 1695 ponimus

1034 1724 1048 1766 ἓ
1071 1723 1123 1756 30.
1148 1724 1182 1755 Et
1208 1723 1251 1755 ita
1275 1728 1338 1755 tam
1356 1734 1412 1766 per
1428 1723 1547 1756 dictum
1564 1723 1740 1756 auditorem

991 1782 1021 1809 et
1044 1777 1111 1809 eius
1135 1776 1167 1808 in
1193 1776 1338 1808 civilibus
1377 1777 1642 1809 locumtenentcm
1681 1787 1740 1820 pro

990 1837 1130 1873 tempore
1154 1831 1349 1871 existentem,
1367 1840 1461 1873 quam
1479 1830 1573 1861 etiam
1591 1840 1648 1872 per
1663 1830 1740 1862 alios

991 1893 1204 1925 quoseunulue
1230 1882 1359 1923 iudices,
1395 1882 1490 1915 etiam
1530 1883 1626 1914 Rotae
1650 1882 1740 1914 audi-

993 1941 1074 1968 tores
1099 1947 1134 1968 ac
1159 1936 1187 1968 S.
1214 1937 1247 1968 R.
1274 1937 1305 1968 E.
1331 1937 1517 1975 cardinales,
1558 1936 1684 1968 decerni
1709 1942 1740 1969 et

993 1990 1123 2022 iudicari
1149 1990 1279 2029 debcre;
1305 1990 1494 2032 irritumque
1530 1994 1560 2021 ct
1584 1989 1677 2021 inane
1701 1989 1741 2029 si,

991 2053 1079 2075 <ecus
1102 2052 1196 2084 super
1220 2042 1270 2074 his
1294 2053 1310 2074 a
1335 2053 1505 2085 quoquam,
1545 2041 1653 2084 quavis
1683 2052 1740 2074 au-

991 2096 1146 2136 ctoritate,
1170 2096 1305 2128 scienter
1335 2096 1382 2128 vel
1419 2095 1612 2137 ignoranter,
1635 2094 1739 2127 conti-

991 2149 1069 2192 gerit
1096 2148 1255 2187 attentari,
1279 2148 1486 2180 decernimus.

1033 2223 1047 2264 ξ
1071 2221 1121 2254 31.
1146 2220 1182 2252 Et
1207 2220 1249 2251 ita
1273 2224 1441 2262 perpetuae
1455 2218 1606 2251 scientiae
1629 2224 1660 2252 et
1683 2229 1737 2251 vo-

991 2273 1119 2306 luntatis
1144 2271 1411 2305 incommutabilis
1436 2276 1561 2304 nostrae
1599 2283 1665 2305 esse
1689 2273 1736 2305 di-

990 2328 1099 2366 cimus,
1125 2336 1225 2368 neque
1251 2325 1305 2356 lias
1330 2329 1451 2355 nostras
1475 2324 1595 2357 litteras
1608 2326 1645 2358 de
1663 2326 1738 2359 suh-

990 2380 1140 2424 reptionis
1164 2379 1210 2410 vel
1235 2376 1430 2418 obreptionis
1469 2377 1515 2409 rel
1550 2377 1735 2411 intentionis

990 2438 1114 2466 nostrae
1137 2431 1297 2463 fraudatae
1322 2429 1367 2461 xel
1391 2429 1452 2461 alio
1486 2431 1635 2474 quopiam
1660 2432 1735 2464 vitio

990 2484 1102 2520 notari,
1142 2481 1333 2525 impugnari,
1373 2483 1512 2515 revocari
1531 2511 1538 2523 ,
1576 2485 1733 2516 moderari

990 2537 1035 2568 vel
1060 2535 1215 2568 annullari
1240 2544 1339 2576 posse:
1364 2540 1395 2566 et
1419 2536 1540 2577 quoties
1580 2537 1646 2568 illas
1677 2547 1734 2569 an-

989 2589 1113 2624 nullari,
1140 2586 1308 2621 moderari.
1347 2589 1511 2627 revocari,
1552 2589 1732 2633 impugnari

1633 214 1698 249 ‘123
1754 216 1807 242 An.
1827 215 1856 243 O.
1875 216 1943 246 1575

1812 274 1945 302 approbatio

1752 300 1837 328 Papae.

1776 1720 1877 1741 clausula
1890 1720 1940 1740 sub-

1751 1749 1795 1770 lata
1809 1751 1851 1768 etc.

1746 2215 1864 2236 clausulae
1874 2220 1936 2240 prae-

1743 2250 1778 2263 set
1782 2244 1875 2264 vativae.
