2059 3228
87 214 140 244 Au.
157 214 184 242 C.
205 216 271 243 15ὅῦ

98 709 213 729 armarius
222 707 267 728 Xlll

85 741 196 765 collegium
212 740 269 760 Soci-

185 770 241 795 lesu,
257 777 269 790 a

85 802 160 822 (Iarnlo
173 801 269 822 archidu-

84 843 110 858 ce
121 838 218 858 Austriae
229 838 268 858 dn-

86 872 159 890 tatum.
169 869 231 894 erigit
245 869 267 888 in

85 900 162 925 opt-idn
198 898 268 920 Grae-

86 936 154 950 censa

86 773 148 791 etatis

329 208 394 241 564

279 269 346 302 -lius
364 268 538 306 confoveri,
554 279 590 301 ac
610 268 758 301 laborum
779 279 912 302 suorum
930 268 1035 302 hono-

285 334 335 354 res
355 328 382 354 et
402 321 545 364 praemia
566 321 722 364 consequi
734 321 869 361 valeant,
892 332 1037 366 praeser-

284 376 339 407 tim
369 375 445 407 dum
471 374 656 417 princip-sm
682 375 933 408 christianorum
965 380 1036 408 vota

284 428 313 461 id
345 432 533 470 exposcunt,
565 427 703 460 libenter
727 428 926 461 intendimus
954 434 984 461 et
1003 428 1036 460 in

283 481 332 514 liis
349 486 455 524 partes
475 481 672 525 apostolicae
683 481 901 526 providentiae
914 482 1038 525 impen-

284 535 399 573 dimus,
411 539 505 577 prout
522 534 553 566 in
565 528 702 568 Domino
724 535 943 580 conspicimus
953 535 1038 568 salu-

282 588 386 621 briter
410 589 571 633 expedire.

327 643 342 685 ξ
367 642 398 674 ’1.
435 641 518 676 Sane
551 643 692 676 exhibita
721 644 814 677 nobis
841 655 946 687 nuper
978 654 1038 687 pro

283 701 373 739 parte
393 696 501 729 dilecti
522 696 580 729 filii
600 697 718 730 nobilis
741 698 799 730 viri
811 697 917 731 Caroli
930 698 1037 731 archi-

283 748 374 781 ducis
393 749 552 790 Austriae,
579 750 634 793 qui
655 750 751 783 etiam
772 751 899 791 Stiriae,
926 751 1037 785 Carin-

283 801 367 834 thiae
380 806 410 834 et
421 801 587 836 Carniolae
599 803 663 836 dux
684 804 801 845 existit,
811 804 921 848 petitio
935 805 1037 838 conti-

283 854 378 888 nebat
398 856 495 898 quod,
511 862 683 900 postquam
704 858 782 890 alias
810 858 912 892 felicis
931 869 1040 892 recor-

284 908 422 941 dationis
442 909 616 952 Gregorius
624 910 709 954 Papa
720 911 797 950 XIII,
809 912 1040 955 praedecessor

283 967 404 1002 noster,
424 962 457 995 in
470 963 590 1006 oppido
599 963 769 997 Graecensi
787 964 1040 1009 Salisburgensis

284 1014 450 1056 dioecesis,
471 1016 546 1050 dicti
567 1016 672 1050 Caroli
693 1018 879 1051 archiducis
895 1019 1039 1053 dominio

283 1069 317 1101 in
337 1069 570 1113 temporalibus
589 1070 747 1112 subiecto,
766 1071 1039 1116 collegiumpres-

283 1122 469 1166 byterorum
494 1123 662 1157 Societatis
681 1124 764 1164 Iesu,
790 1124 932 1169 propriis
950 1137 1039 1159 sum-

285 1175 392 1219 ptibus
416 1175 516 1219 ipsius
535 1175 639 1209 Caroli
659 1177 844 1211 archiducis
870 1179 1038 1212 fundatum

286 1234 315 1260 et
337 1235 531 1266 extructum.
554 1230 745 1264 auctoritate
766 1232 945 1275 apostolica
965 1243 1039 1276 per-

286 1288 383 1324 petuo
409 1283 509 1315 erexit
529 1288 560 1315 et
580 1282 730 1323 instituit,
750 1295 787 1316 ac
807 1283 892 1317 inter
911 1284 974 1318 alia
993 1286 1040 1319 ei-

286 1336 358 1368 dem
369 1336 516 1380 collegio,
524 1347 584 1380 pro
595 1337 683 1370 illius
696 1337 939 1380 magistrorum,
949 1339 1042 1373 scho-

285 1389 402 1421 larium
424 1394 454 1422 et
485 1389 624 1422 aliorum
651 1390 756 1423 dictae
781 1390 948 1425 Societatis
967 1393 1042 1425 reli-

285 1442 451 1485 giosorum
476 1443 744 1484 substentatione,
772 1445 961 1487 pensionem
987 1457 1042 1478 an-

287 1507 385 1529 nuam
403 1496 543 1529 duorum
565 1497 969 1532 milliumetducentorum
985 1500 1042 1533 sso-

287 1560 441 1582 renorum
458 1550 678 1583 Rhenensium
695 1562 794 1595 super
813 1552 908 1585 bonis
928 1564 1041 1586 mona-

289 1604 375 1637 sterii
410 1614 466 1637 seu
492 1604 609 1638 domus
629 1605 667 1638 de
681 1605 797 1638 Milstat
816 1607 995 1650 nuncupati
1012 1619 1043 1641 e-

290 1657 415 1690 iusdem
437 1657 604 1698 dioecesis,
625 1659 710 1702 quod
727 1670 784 1692 seu
799 1670 882 1703 quae
896 1661 973 1694 olim
992 1661 1044 1694 Ci—

288 1710 470 1744 stereiensis
481 1722 537 1744 seu
547 1711 678 1744 alterius
689 1711 827 1748 Ordinis.
835 1718 944 1757 postea
953 1725 1040 1755 vero,

289 1763 406 1797 Ordine
427 1764 496 1807 ipso
523 1775 560 1797 ac
585 1770 668 1798 statu
695 1771 725 1798 et
749 1767 886 1799 essentia
914 1768 1042 1811 regula-

289 1817 389 1857 ribus,
417 1828 543 1850 necnon
568 1819 848 1860 conventualitate,
871 1831 908 1853 ac
937 1821 1043 1854 forsan

292 1871 421 1903 nomine
442 1871 629 1904 monasterii
649 1871 682 1904 in
702 1882 741 1905 eo
756 1874 937 1916 suppressis
953 1880 1045 1907 etex-

292 1923 410 1963 tinctis,
434 1924 567 1957 militiae
588 1935 644 1958 seu
665 1924 793 1959 Ordinis
808 1927 956 1960 militaris
967 1928 1045 1961 San-

293 1977 333 2009 cti
355 1976 502 2019 Georgii,
525 1978 620 2010 etiam
648 1984 725 2012 tunc
753 1979 860 2012 forsan
885 1981 1045 2014 extinctae

293 2041 347 2063 seu
382 2030 523 2069 extincti,
563 2031 638 2064 licet
665 2031 789 2074 aliquot
808 2034 990 2067 sacerdotes
1013 2035 1045 2067 in

295 2083 409 2116 militia
428 2095 483 2117 seu
505 2084 622 2117 Ordine
644 2085 775 2118 militari
791 2086 1046 2120 huiusmodiad-

295 2137 358 2169 ltuc
378 2142 455 2169 tunc
478 2143 694 2178 remanerent.;
717 2144 748 2172 et
767 2139 853 2182 quod
875 2150 931 2172 seu
964 2151 1047 2183 quae

297 2191 334 2221 ὼ·
367 2190 436 2223 iure
470 2196 658 2233 patronatus
701 2192 844 2226 eiusdem
881 2193 985 2227 Caroli
1011 2205 1048 2227 ac

300 2254 357 2286 pro
378 2248 522 2287 tempore
542 2245 705 2278 existentis
729 2246 876 2280 Austriae
899 2247 1049 2280 archidu-

300 2296 345 2328 cis
365 2301 395 2329 et
415 2307 470 2330 seu
490 2298 675 2341 praedictae
695 2297 861 2333 Carniolae
886 2300 988 2340 ducis,
1013 2311 1047 2334 ex

302 2349 489 2383 fundatione
505 2352 554 2383 vel
579 2352 754 2393 dotatione,
790 2359 845 2386 aut
861 2364 898 2387 ex
918 2353 1049 2398 privile-

302 2397 354 2439 gio
383 2399 572 2441 apostolico,
605 2400 657 2433 cui
690 2412 756 2435 non
777 2407 823 2435 est
842 2402 999 2436 hactenus
1018 2402 1050 2435 in

304 2445 413 2488 aliquo
433 2447 635 2490 derogatum,
658 2460 726 2483 esse
746 2450 957 2493 dignoscitur;
974 2451 1050 2484 acin

305 2503 369 2536 quo
389 2505 443 2527 seu
465 2506 529 2539 qua
548 2508 566 2530 a
585 2498 797 2542 quadraginta
828 2500 921 2533 annis
945 2506 975 2533 et
1000 2500 1051 2532 ul-

879 216 1057 240 BULLARIUM
1077 214 1229 239 ROtttANUM

1077 266 1175 307 stitui,
1183 271 1213 299 et
1221 276 1280 310 per
1286 265 1435 300 eumdem
1445 266 1736 302 administratorem
1747 266 1827 300 illud

1077 330 1133 352 seu
1145 319 1199 352 illa
1209 319 1393 363 gubernari,
1401 331 1439 353 ac
1447 331 1506 364 per
1516 320 1621 364 ipsum
1635 321 1674 354 de
1684 320 1829 364 eiusdem

1078 372 1194 405 domus
1213 372 1384 413 fructibus,
1408 372 1559 406 redditib.
1573 378 1603 406 et
1622 373 1830 418 proventibus

1078 425 1221 459 huiusm.
1235 425 1363 470 disponi
1374 426 1466 466 solet,
1479 426 1564 460 dicta
1573 426 1762 460 auctoritate
1771 426 1830 460 sub

1079 479 1174 512 certis
1198 479 1294 512 modo
1319 484 1350 513 et
1368 479 1472 513 forma
1486 485 1564 513 tunc
1583 479 1739 524 expressis
1753 489 1831 514 con-

1078 531 1179 565 stituit
1192 537 1222 565 et
1236 532 1418 575 assignavit;
1427 533 1537 566 volens
1546 538 1593 574 ut,
1607 533 1832 576 quandocum-

1080 596 1143 630 que
1168 591 1200 619 et
1219 586 1489 630 quotiescumque
1503 586 1608 620 dictus
1627 585 1762 620 Carolus
1780 597 1832 620 ar-

1079 639 1199 672 chidux
1216 640 1265 672 vel
1275 639 1343 673 eius
1358 650 1560 674 successores
1573 640 1681 684 aliqua
1700 639 1764 674 alia
1776 639 1834 674 ho-

1080 704 1130 734 na,
1138 693 1235 726 etiam
1247 694 1434 727 monasterii
1444 704 1500 727 seu
1507 696 1622 727 domus
1633 692 1832 735 huiusmodi,

1079 757 1218 789 quorum
1253 747 1352 780 annui
1382 747 1539 788 redditus,
1560 746 1706 780 deductis
1729 746 1835 781 oneri-

1079 800 1151 841 bus,
1173 800 1211 833 ad
1234 811 1345 844 parem
1365 801 1508 834 valorem
1528 800 1751 838 ascenderent,
1773 799 1834 844 ipsi

1081 854 1218 897 collegio
1245 854 1504 897 assignavissem,
1530 853 1643 898 pensio
1668 853 1834 899 praedicta

1080 912 1201 941 cassata
1222 913 1251 940 et
1275 908 1365 941 nulla
1389 912 1577 941 censeretur
1592 917 1631 941 eo
1650 907 1734 952 ipso,
1754 906 1834 941 assi-

1080 961 1188 1004 gnatio
1200 972 1277 994 vero
1288 961 1352 993 vim
1362 960 1589 1005 applicationis
1603 960 1716 994 eadem
1725 965 1836 994 aucto-

1080 1014 1173 1048 ritate
1198 1016 1298 1048 factae
1319 1014 1498 1055 obtineret,
1524 1019 1621 1058 prout
1639 1014 1673 1048 in
1689 1013 1834 1048 eiusdem
1851 1033 1854 1035 >

1082 1069 1336 1112 praedecessoris
1369 1068 1484 1102 litteris
1509 1069 1650 1113 desuper
1681 1067 1836 1109 confectis

1082 1122 1209 1166 plenius
1225 1123 1421 1156 continetur.

1126 1176 1141 1219 ξ,
1165 1175 1196 1208 2.
1220 1175 1526 1209 PraefatusCarolus
1535 1175 1702 1216 archidux,
1717 1175 1834 1210 avitam

1082 1234 1113 1262 et.
1132 1240 1150 1262 a
1174 1228 1353 1262 maioribus
1371 1229 1437 1263 suis
1457 1234 1622 1273 acceptam
1643 1230 1834 1263 catholicam

1083 1282 1272 1326 religionem
1304 1288 1422 1316 sartam
1454 1288 1570 1316 tectam
1599 1288 1630 1316 et
1648 1282 1835 1317 inviolatam

1083 1336 1115 1368 in
1138 1336 1218 1369 locis
1241 1335 1301 1369 sibi
1325 1336 1488 1377 subiectis,
1514 1335 1571 1369 ubi
1586 1336 1682 1379 viget,
1704 1346 1835 1370 conser-

1083 1400 1168 1429 vare;
1195 1389 1298 1423 sicubi
1317 1400 1391 1423 vero
1411 1390 1552 1434 collapsa
1572 1395 1631 1428 est,
1657 1390 1718 1423 hac
1735 1390 1836 1434 potis-

1083 1442 1201 1476 simum
1230 1443 1354 1476 ratione
1379 1443 1562 1479 restituere,
1589 1454 1730 1488 suosque
1761 1443 1837 1477 sub-

1083 1497 1182 1530 iectos
1202 1496 1461 1540 quamplurimos
1474 1497 1514 1530 ad
1524 1496 1704 1530 litterarum
1717 1497 1834 1538 studia,

1084 1551 1326 1593 navandamque
1345 1550 1439 1584 bonis
1451 1551 1576 1583 artibus
1599 1561 1730 1594 operam
1751 1549 1836 1584 exci-

1085 1604 1145 1638 tari
1165 1605 1312 1649 cupiens,
1334 1609 1428 1648 atque
1448 1609 1586 1648 utraque
1607 1604 1640 1637 in
1660 1615 1694 1637 re
1710 1603 1837 1648 praedi-

1085 1664 1154 1691 ctae
1171 1657 1339 1691 Societatis
1346 1668 1480 1701 operam
1491 1663 1522 1690 et
1531 1657 1736 1698 industriam,
1749 1657 1838 1691 laho-

1085 1722 1201 1755 resque
1226 1722 1264 1744 ea
1278 1711 1317 1744 de
1343 1721 1439 1744 causa
1463 1716 1638 1755 susceptos,
1657 1711 1749 1745 valde
1771 1711 1837 1745 uti-

1085 1766 1131 1798 les
1150 1770 1182 1798 et
1210 1765 1393 1798 fructuosos
1412 1764 1445 1797 in
1465 1764 1533 1797 dies
1553 1763 1654 1807 magis
1672 1770 1834 1809 expertus,

1085 1824 1121 1852 ut
1141 1818 1315 1863 ampliores
1331 1818 1488 1862 manipuli
1509 1828 1547 1850 ex
1565 1818 1765 1851 diversarum
1780 1829 1837 1852 na-

1086 1872 1212 1906 tionum
1228 1883 1265 1906 ac
1284 1872 1470 1916 linguarum
1490 1871 1586 1915 agris,
1614 1882 1751 1915 quarum
1763 1882 1837 1916 pro-

1086 1926 1206 1959 vincias
1222 1926 1327 1959 dictus
1351 1925 1482 1959 Carolus
1506 1925 1664 1959 archidux
1681 1925 1834 1969 possidet,

1087 1979 1265 2024 opitulante
1272 1980 1348 2020 Deo,
1358 1979 1467 2022 colligi
1486 1979 1619 2024 possint,
1631 1979 1839 2023 Studiigene-

1088 2033 1163 2066 ralis
1187 2033 1429 2066 Universitatcm
1449 2032 1480 2065 in
1498 2032 1583 2066 dicto
1595 2032 1731 2075 collegio
1743 2032 1839 2077 potis-

1089 2086 1206 2120 simum
1241 2086 1431 2119 auctoritate.
1461 2086 1625 2130 praedicta
1647 2085 1738 2129 erigi,
1757 2084 1841 2119 eius·
1876 2094 1879 2097 ·

1088 2150 1152 2182 que
1172 2149 1283 2172 curam
1307 2145 1337 2172 et
1361 2138 1505 2182 regimen
1525 2139 1710 2184 praedictae
1730 2140 1839 2174 Socie-

1088 2192 1143 2226 tati
1165 2193 1320 2226 committi
1340 2198 1370 2226 et
1390 2194 1535 2227 mandari
1552 2195 1732 2234 desiderum
1750 2206 1840 2229 cum-

1090 2257 1152 2289 que
1177 2247 1216 2279 ad
1241 2246 1329 2279 hunc
1349 2247 1512 2287 effectum,
1526 2249 1622 2282 etiam
1634 2249 1766 2283 hortum
1779 2249 1839 2295 ipsi

1091 2300 1227 2342 collegio
1248 2300 1435 2343 contiguum
1457 2302 1553 2344 pleno
1572 2302 1643 2335 iure
1663 2302 1702 2335 ad
1715 2303 1842 2346 praedi·
1876 2336 1884 2342 ,

1092 2359 1178 2386 ctum
1195 2353 1344 2387 carolum
1353 2354 1559 2388 archiducem
1576 2361 1786 2398 spectantem,
1804 2367 1841 2389 ac

1092 2408 1212 2436 certam
1234 2402 1328 2436 etiam
1350 2408 1425 2436 tunc
1438 2414 1618 2447 expressam
1631 2404 1839 2447 quantitatem

1093 2452 1167 2484 salis
1186 2463 1223 2485 ex
1243 2451 1352 2485 salinis
1372 2452 1491 2486 ibidem
1516 2453 1555 2486 ad
1575 2453 1724 2486 eumdem
1744 2452 1841 2487 Caro-

1093 2501 1159 2534 lum
1194 2501 1402 2534 archiducem
1428 2502 1674 2545 pertinentibus,
1697 2512 1754 2545 per
1773 2501 1841 2535 eius

307 2547 365 2578 tra,
388 2553 424 2575 ex
449 2554 513 2586 quo
534 2546 646 2579 militia
665 2557 722 2580 seu
736 2547 820 2581 Ordo
836 2548 1053 2582 militarishu-
1094 2549 1257 2582 ministros
1284 2551 1388 2583 eidem
1419 2550 1556 2594 collegio
1589 2550 1778 2595 quotannis,
1810 2551 1852 2583 in·

307 2591 445 2624 Iusinodi
470 2594 600 2637 defecit,
617 2606 700 2629 unus
717 2596 958 2631 administrator
975 2607 1052 2631 con·
1095 2599 1190 2632 certis
1214 2598 1360 2633 terminis
1386 2599 1533 2633 similiter
1566 2604 1642 2633 tunc
1672 2599 1839 2643 expressis,

1841 213 1961 252 Am&

1873 1184 1933 1208 stud!
1959 1183 1970 1212 ᾗ.

1848 1217 1923 1238 uento
1931 1216 1975 1246 ἰψ
2006 1233 2016 1239 γ.

1849 1248 1907 1269 stltul
1920 1245 1977 1275 μοί

1849 1279 1916 1305 tolus,
1954 1290 1955 1293 =

1850 1310 1870 1332 td
1885 1310 1942 1331 ‹lote-
1951 1311 1973 1341 ζ
