2059 3228
109 238 161 265 An.
178 237 205 265 C,
228 237 292 264 tffisss

126 782 252 809 Resiguantli
268 781 296 802 ra-

111 816 208 836 cultatem
244 820 297 835 cou-

112 846 179 871 cetlit3

319 2386 325 2396 1

179 2532 329 2559 Expeditiones

146 2571 185 2593 prs>
205 2569 330 2583 (mmmmm-

146 2598 178 2617 rio
200 2596 264 2620 gratis
285 2595 330 2615 tim·

147 2628 214 2654 ἱμοῑς

351 223 414 257 780

307 296 374 335 post
409 287 563 320 clericum
595 293 762 318 carcerum
792 282 995 326 praesidem;
1023 281 1054 313 in

308 342 451 386 cappella
472 344 578 372 autem
603 336 768 381 pontificia
801 340 833 369 et
858 333 1057 368 consistoriis

307 394 458 441 publicis,
480 402 607 425 necnon
628 388 901 434 processionibus,
935 387 1058 430 equita-

308 448 449 481 tionibus
481 445 618 488 aliisque
655 443 790 481 actibus,
828 447 892 474 tam
918 440 1056 484 publicis

308 512 403 546 quam
427 498 568 543 privatis,
601 497 633 530 in
653 497 725 529 loco
749 494 860 528 Palatii
879 492 1057 537 Apostolici

308 553 508 588 auditoriluis
539 562 576 584 ac
610 549 712 583 dictae
742 548 894 581 Gamerae
932 545 1058 580 clericis

308 608 480 647 assignato,
503 603 686 637 immediate
707 601 874 646 postillos‚
895 600 1007 633 sedere
1029 604 1059 632 et

311 661 459 694 incedere
480 658 605 692 debeat.

354 714 442 758 git.
472 713 666 755 Dictumque
699 708 841 743 osticium
871 707 1060 741 commissa-

311 769 409 801 riatus
431 767 461 799 iu
482 767 620 799 favorem
637 763 873 805 cuiuscumque
893 770 1060 805 personae,

311 828 342 855 ut
355 822 536 866 praefertur
556 818 772 862 qualificatac,
788 815 1060 858 quandocumque

311 876 370 909 sibi
392 873 561 918 placuerit,
573 871 750 914 resignare,
765 880 824 902 nec
835 866 1061 911 resignationis

311 928 497 962 huiusmodi
523 925 665 969 receptio
685 924 731 957 vel
754 922 905 957 admissio
926 931 983 964 per
1002 920 1062 952 Ro-

311 993 442 1016 manum
457 980 646 1014 Pontificem
667 990 704 1012 ex
723 976 834 1021 quavis
851 986 947 1008 causa
964 975 1062 1007 dene-

311 1036 379 1079 gari
417 1036 466 1069 vel
495 1033 631 1074 differri,
666 1042 773 1075 neque
804 1040 863 1074 pro
898 1029 1063 1071 signatura

314 1089 531 1124 concessionis
548 1087 707 1126 eiusdem,
728 1096 785 1129 per
806 1081 992 1116 huiusmodi
1016 1091 1064 1113 re-

313 1143 526 1188 signationem
559 1140 701 1174 vacantis
716 1166 723 1179 ‚
764 1137 940 1181 quicquam
978 1135 1063 1167 ultra

315 1208 475 1231 summam
496 1200 626 1229 centum
640 1194 838 1226 florenorum
856 1189 927 1223 auri
948 1189 988 1221 dc
1007 1187 1065 1221 Ca-

316 1262 406 1285 mera
431 1251 470 1283 ab
496 1260 546 1289 eo,
568 1247 620 1281 cui
641 1247 680 1279 de
706 1245 760 1278 illo
778 1244 824 1278 sic
842 1248 973 1276 vacante
990 1251 1065 1285 pro-

316 1305 488 1345 videbitur,
512 1301 595 1344 exigi
615 1299 734 1345 possit;
767 1297 921 1341 quodque
943 1296 1067 1328 litterae

317 1358 511 1403 apostolicae
538 1365 637 1399 super
668 1351 905 1396 supplicatione
935 1359 1066 1382 conces-

318 1412 417 1446 sionis
442 1410 517 1443 dicti
539 1408 637 1442 officii
672 1404 945 1440 commissariatus
970 1401 1090 1434 confi-²

319 1466 465 1505 ciendae,
488 1463 582 1496 etiam
600 1461 625 1495 si
646 1461 677 1493 in
698 1471 735 1493 ea
748 1459 786 1492 de
798 1458 904 1492 officio
925 1456 1069 1489 reseren-
1089 1476 1092 1508 Ι

320 1514 837 1553 dariatushuiusmodinullaesset
849 1511 931 1544 facta
940 1509 1069 1549 mentio,
1089 1509 1092 1552 J

321 1566 865 1613 nihilominusexpedianturtamin
875 1562 1073 1598 Cancellaria
1090 1555 1093 1573 ³

322 1628 476 1673 praefata,
499 1635 596 1668 quam
623 1634 681 1667 per
710 1621 875 1655 Cameram
902 1623 1069 1656 secretam,

325 1692 398 1715 cum
422 1678 626 1723 expressione
641 1674 860 1709 concessionis
881 1672 955 1705 dicti
976 1671 1073 1704 oflicii
1092 1668 1095 1693 ¹

326 1733 617 1772 referendariatus3
638 1740 746 1773 neque
762 1727 863 1772 possit
887 1732 938 1759 aut
961 1722 1096 1758 debeat¹

325 1800 384 1833 per
412 1792 560 1820 nostrum
592 1790 622 1817 et
655 1794 713 1828 pro
743 1788 890 1824 tempore
914 1778 1075 1812 existentis

326 1841 461 1875 Romani
495 1838 658 1873 Pontificis
691 1835 851 1870 datarium
885 1844 941 1866 seu
966 1842 1077 1875 quem-

329 1905 469 1938 cumque
489 1893 602 1931 alium,
629 1901 688 1935 pro
709 1890 872 1932 signatura
890 1884 1076 1919 huiusmodi

328 1946 586 1992 supplicationis,
603 1944 750 1978 licetvim
759 1940 976 1975 concessionis
996 1939 1078 1971 duo-

329 2013 398 2035 rum
422 1994 906 2039 officiorum,commissariatus
930 1991 1078 2024 videlicet

1086 1330 1090 1359 l

331 2062 357 2089 et
378 2047 861 2088 referendariatushuiusmodi,
883 2046 1008 2085 habeat,
1021 2044 1079 2077 ali-

331 2109 407 2153 quid
419 2108 502 2141 ultra
515 2107 559 2147 id,
573 2105 659 2149 quod
669 2102 818 2147 superius
829 2106 1081 2144 estexpressum,

332 2162 466 2195 omnino
477 2160 572 2203 exigi,
585 2159 639 2192 sed
659 2157 742 2191 sicut
762 2166 820 2200 per
839 2153 1081 2188 concessionem

334 2214 605 2249 commissariatus
624 2211 710 2244 venit
728 2211 849 2254 pariter
860 2206 1023 2241 concessio
1034 2215 1084 2238 rc-

334 2267 568 2302 screndariatus
600 2265 782 2299 officiorum
812 2259 1014 2299 huiusmodi,
1040 2259 1084 2291 sic

336 2333 394 2366 per
414 2321 542 2354 unicam
559 2319 754 2353 solutionem
776 2316 958 2359 signaturae
975 2323 1086 2356 supra-

337 2375 487 2418 scriptam
508 2374 547 2406 sit
568 2373 692 2416 integre
712 2370 922 2409 satisfactum,
944 2366 1086 2411 quasidc

338 2434 433 2457 unica
455 2432 674 2456 concessione.
1042 2442 1057 2457 ,

385 2472 400 2515 ἓ
416 2472 469 2505 42.
488 2471 639 2510 Ulterius,
657 2469 744 2514 quod
760 2478 872 2502 omnes
897 2472 928 2500 et
942 2466 1088 2509 singulae

342 2520 466 2553 litterae
486 2519 681 2563 apostolicae
701 2519 760 2551 sub
785 2516 918 2561 plumbo
938 2526 975 2549 ac
991 2517 1086 2550 etiam

345 2569 374 2601 in
397 2570 499 2602 forma
523 2568 639 2609 brevis,
661 2573 725 2600 tam
745 2577 843 2610 super
867 2565 1089 2610 praesentibus

345 2628 441 2662 quam
452 2617 522 2650 aliis
535 2617 795 2661 quibuscumque
811 2614 932 2659 gratiis,
947 2614 1089 2654 indultis,
1122 2619 1125 2623 ’

898 226 1077 251 BULLARIUM
1097 226 1246 250 nommm

1100 280 1302 312 facultatibus
1321 284 1352 313 et
1376 280 1648 323 concessionibus,
1676 288 1740 317 tam
1773 294 1845 328 gra-

1098 333 1172 365 tiam
1195 343 1291 376 quani
1310 332 1463 365 iustitiam
1483 336 1764 379 concernentibus,
1786 349 1845 382 per

1099 387 1277 430 praefatum
1317 386 1574 420 commissarium
1609 399 1667 432 pro
1700 395 1845 436 tempore

1099 439 1284 472 existentem
1309 450 1327 472 a
1352 439 1443 472 nobis
1463 444 1494 473 et
1523 442 1762 476 successorihus
1785 454 1844 477 no-

1099 492 1172 525 stris
1191 503 1228 525 ac
1248 493 1329 526 Sede
1345 493 1487 537 praefata
1506 504 1565 538 pro
1586 499 1730 538 tempore
1748 496 1847 541 impe-

1101 546 1202 585 tratis,
1224 546 1397 579 seuctiani
1429 552 1518 580 motu
1548 547 1644 580 simili
1673 548 1844 590 concessis,

1101 599 1133 632 in
1153 600 1306 632 omnibus
1329 605 1360 632 et
1379 600 1511 644 singulis
1531 600 1758 643 Cancellariae,
1789 602 1848 636 Ca-

1102 663 1209 686 merae
1226 658 1255 686 et
1266 652 1380 686 Curiae
1396 654 1612 697 praefatarum
1631 654 1758 696 officiis,
1775 665 1851 689 nec-

1101 717 1164 740 non
1179 707 1314 739 Plumbo
1325 712 1355 740 et
1368 707 1524 749 Registro,
1540 718 1577 740 ac
1592 707 1729 741 ubilibet
1737 708 1848 752 gratis,

1101 761 1197 794 etiam
1232 761 1353 804 absque
1382 766 1572 794 annatarum
1611 761 1849 802 communium,

1102 815 1254 848 iocalium
1281 820 1311 847 et
1333 814 1471 847 aliorum
1498 825 1781 860 quorumcumque
1803 815 1852 849 iu-

1102 868 1186 901 rium
1226 874 1256 901 et
1287 874 1432 901 taxarum
1471 868 1652 908 solutione,
1682 869 1721 902 ad
1753 869 1854 902 instar

1104 921 1298 955 clericorum
1327 922 1470 955 eiusdem
1505 921 1668 963 Gamerae,
1695 922 1850 966 expediri,

1104 981 1135 1009 et
1167 975 1443 1009 rescribendarius
1472 975 1512 1008 ad
1546 975 1698 1009 taxandas
1731 975 1853 1008 litteras

1105 1030 1308 1074 apostolicas,
1331 1040 1404 1063 cum
1425 1029 1662 1073 subscriptione
1681 1029 1784 1073 gyratis
1796 1039 1854 1073 pro

1105 1095 1243 1128 persona
1274 1084 1485 1117 commissarii
1519 1083 1678 1126 generalis
1702 1083 1855 1116 Gamerae

1106 1137 1318 1182 Apostolicae,
1331 1137 1545 1177 subscribere,
1560 1142 1664 1170 ettam
1680 1136 1748 1180 ipse
1757 1146 1854 1180 quam

1107 1191 1161 1225 alii
1176 1190 1386 1235 scriptores1,
1396 1196 1425 1224 et
1440 1191 1665 1224 sollicitatores
1675 1190 1856 1224 litterarum

1108 1245 1370 1290 apostolicarum,
1385 1254 1512 1277 necnon
1531 1244 1736 1285 cubicularii,
1757 1244 1857 1278 scuti-

1109 1299 1167 1332 seri
1188 1304 1218 1332 et
1237 1299 1434 1342 quicumque
1455 1297 1507 1331 alii
1528 1298 1631 1331 dictae
1651 1298 1766 1331 Curiae
1786 1297 1856 1331 osti-

1109 1351 1858 1396 cialesexpeditionilitterarumhuiusmodipro

1111 1413 1256 1451 tempore
1280 1406 1502 1449 praesidentes
1528 1410 1559 1438 et
1579 1404 1728 1446 ministri,
1762 1404 1858 1438 etiam

1111 1460 1144 1493 in
1164 1459 1288 1492 annatis
1309 1459 1551 1498 communibus,
1574 1458 1731 1492 iocalibus
1743 1463 1775 1491 et
1789 1457 1860 1490 aliis

1112 1513 1238 1547 iuribus
1257 1513 1408 1547 Gamerae
1423 1513 1608 1546 huiusmodi
1623 1512 1860 1556 participantes,

1113 1568 1241 1600 easdem
1266 1567 1387 1600 litteras
1411 1577 1581 1611 personam
1603 1566 1677 1599 dicti
1709 1565 1862 1599 commis-

1114 1617 1188 1650 sarii
1198 1622 1441 1656 concernentes,
1453 1615 1512 1648 sub
1520 1613 1863 1648 excommunicationis
1907 1653 1909 1655 Ι

1117 1667 1197 1698 latae
1213 1665 1400 1705 sententiae,
1420 1676 1456 1698 ac
1475 1664 1663 1708 privationis
1682 1670 1713 1697 et
1731 1674 1864 1707 suspen-

1115 1714 1214 1748 sionis
1238 1725 1371 1748 suorum
1390 1715 1587 1755 officiorum,
1604 1724 1731 1746 necnon
1750 1723 1864 1756 perce-

1117 1763 1236 1808 ptionis
1247 1763 1541 1796 emolumentorum
1552 1763 1740 1796 eorumdem
1751 1761 1865 1806 poenis,

1118 1825 1175 1858 per
1199 1823 1254 1846 eos
1274 1813 1314 1846 ad
1338 1823 1420 1856 quos
1444 1812 1647 1855 pertinuerit,
1675 1817 1705 1845 et
1738 1811 1793 1854 qui
1813 1821 1866 1844 eas

1118 1868 1217 1911 gratis
1226 1866 1428 1900 subscribere
1437 1866 1485 1898 vel
1496 1865 1674 1898 concedere
1690 1863 1865 1903 noluerint,

1120 1928 1157 1951 co
1178 1916 1248 1960 ipso
1272 1915 1487 1955 incurrendis,
1516 1915 1638 1958 absque
1667 1913 1730 1947 alio
1757 1917 1867 1946 nostro

1121 1972 1176 1998 aut
1195 1975 1418 1999 successorum
1434 1969 1620 1996 nostrorum
1637 1969 1666 1996 et
1677 1961 1767 1996 Sedis
1778 1971 1870 2005 prae-

1122 2017 1204 2049 fatae
1221 2014 1369 2048 ulteriori
1389 2013 1552 2053 mandato,
1575 2011 1708 2045 omnino
1724 2010 1821 2054 gratis
1840 2015 1872 2043 et

1122 2066 1243 2109 absque
1275 2063 1383 2107 aliqua
1411 2067 1614 2101 annatarum,
1647 2060 1797 2094 iocalium
1821 2069 1868 2093 ve.

1123 2115 1262 2148 aliorum
1286 2113 1407 2146 iurium
1436 2111 1676 2155 praedictorum
1712 2108 1872 2143 solutione

1124 2169 1155 2197 et
1175 2163 1351 2202 exactione,
1378 2161 1410 2194 in
1441 2160 1593 2194 omnibus
1613 2164 1643 2192 et
1667 2168 1726 2202 per
1749 2156 1870 2197 omnia,

1124 2223 1227 2256 usque
1241 2212 1278 2245 asl
1290 2211 1458 2255 plumbum
1470 2208 1568 2242 etalia
1576 2207 1756 2241 necessaria
1766 2206 1872 2240 inclu-
1905 2210 1911 2215 '

1126 2261 1289 2302 sive‚omni
1301 2259 1555 2294 contradictione
1563 2253 1873 2300 cessante,expediri‚

1127 2322 1163 2344 ac
1175 2308 1333 2343 subscribi
1353 2314 1384 2341 et
1403 2307 1546 2350 expediri
1567 2306 1673 2339 facere
1693 2309 1724 2338 et
1742 2302 1874 2348 permit-

1127 2366 1193 2393 tere
1214 2359 1351 2391 debeant
1371 2363 1401 2390 et
1422 2361 1602 2389 tencantur.
1639 2377 1645 2381 -

1172 2409 1187 2451 ,ξ
1212 2408 1264 2441 13.
1282 2408 1322 2440 Ut
1341 2412 1447 2439 autem
1469 2405 1611 2438 osticium
1637 2396 1873 2437 commissaria-

1130 2464 1180 2491 tus
1199 2456 1386 2490 huiusmodi
1406 2455 1474 2488 viro
1496 2455 1628 2494 idoneo,
1647 2453 1701 2497 qui
1722 2452 1819 2485 rebus
1834 2461 1852 2484 a

1853 2451 1876 2484 dv
1885 2439 2004 2462 metlino&

1887 2471 1987 2495 reserem„

1911 2408 1971 2431 lom·
1981 2405 1989 2425 ἰ
