2059 3228
839 167 943 193 SIXTUS
961 167 980 191 V
999 167 1046 191 PF.

176 227 339 273 prioribus
377 232 403 259 et
436 226 518 263 aliis,
545 225 583 258 ad
616 234 697 268 quos
735 228 857 267 spectat
894 227 925 254 ct

175 281 331 326 spectabit
350 279 595 323 quommlolibet
620 279 651 311 iu
686 278 842 316 futurum,
867 286 925 319 per

176 335 304 369 easdem
326 339 510 377 praesentes
530 331 759 365 committimus
780 335 810 363 et
834 340 924 362 man-

175 388 289 421 damus
313 392 472 431 quatenus
491 386 562 429 ipsi,
592 386 638 417 rel
663 385 727 417 duo
756 389 811 416 aut
843 394 925 415 unus

176 451 303 480 corum,
326 440 380 473 ubi
401 445 431 473 et
450 440 578 483 quando
599 438 785 481 expedierit,
807 442 836 469 et
847 446 925 478 quo-

176 494 235 528 ties
254 503 312 538 pro
328 499 417 537 parte
434 492 692 533 congregationis
717 497 768 524 aut
796 489 926 523 eanoni-

177 558 289 582 corum
312 547 495 581 huiusmodi
509 557 562 579 seu
576 546 713 579 alieuius
733 556 845 578 eorum
860 546 926 576 tue-

177 601 242 634 rint
261 601 421 645 requisiti,
446 612 502 643 per
522 612 554 631 se
581 600 626 631 rel
646 599 747 632 alium
768 598 925 637 seualios,

175 654 296 687 saciant
314 654 505 687 auctoritate
523 659 632 686 nostra
653 657 841 695 praesentes
868 659 926 683 no-

176 713 257 740 stras
292 707 416 740 litteras
448 707 487 739 ab
516 706 668 739 omnibus
701 704 928 737 inviolabiliter

176 759 357 794 observari:
377 760 631 794 contradictores
651 758 813 802 quoslibet
826 763 857 791 et
876 768 927 790 re·
944 763 946 768 “

176 813 277 847 belles
300 823 358 857 per
382 813 570 853 sententias,
586 822 739 845 censuras
759 816 788 844 et
808 821 929 855 poenas

176 866 412 900 ecclesiasticas
436 867 563 909 aliaque
588 871 771 909 opportuna
792 865 870 897 iuris
899 870 930 898 ct

177 919 252 953 sacti
286 920 441 957 remedia,
481 919 697 964 appellatione
736 918 927 962 postposita,

177 974 428 1018 compescendo.

220 1027 287 1071 55.
314 1027 384 1060 Non
413 1026 616 1061 obstantibus
645 1025 931 1059 constitutionibus

152 1101 164 1107 -
177 1085 210 1113 et
233 1079 493 1113 ordinationibus
519 1080 716 1123 apostolicis,
736 1090 773 1112 ac
793 1089 929 1122 congre-

176 1134 315 1176 gationis
326 1134 523 1172 huiusmodi,
535 1134 630 1167 etiam
643 1134 837 1173 iuramento,
856 1143 932 1165 con-

177 1187 362 1221 firmatione
382 1188 561 1230 apostoliea
582 1187 628 1219 vel
649 1187 761 1230 quavis
778 1187 931 1219 firmitate

178 1240 241 1274 alia
252 1241 423 1281 roboratis,
443 1241 570 1273 statutis
587 1246 615 1273 et
628 1240 930 1280 consuetudinibus,

179 1294 356 1338 privilegiis
375 1305 515 1338 quoquo,
536 1294 667 1327 indultis
680 1293 836 1327 etlitteris
854 1304 931 1338 apo-

178 1347 300 1381 stolicis
319 1348 425 1382 eidem
447 1348 690 1390 congregationi
707 1348 861 1391 illiusque
879 1358 932 1380 su-

179 1402 363 1446 perioribus
388 1408 418 1435 et
443 1403 589 1446 personis
605 1407 635 1435 et
658 1401 825 1445 quibusvis
848 1402 930 1441 aliis,

180 1456 239 1489 sub
270 1455 535 1500 quibuscumque
560 1455 727 1488 tenoribus
753 1461 784 1487 et
810 1455 932 1493 formis,

179 1520 218 1543 ac
237 1519 311 1542 cum
333 1509 511 1553 quibusvis,
534 1509 629 1542 etiam
655 1508 932 1551 derogatoriarum

179 1562 404 1606 derogatoriis‚
425 1562 562 1606 aliisque
583 1562 820 1596 efficacioribus
841 1568 868 1595 et
888 1563 935 1594 in-

180 1616 284 1650 solitis
319 1617 483 1657 clausulis,
509 1616 777 1659 i1·1.·itantibusqi‚1e
806 1621 838 1648 et
865 1615 936 1648 aliis

181 1669 320 1703 decretis
338 1670 371 1702 in
383 1670 582 1703 contrarium
600 1669 845 1713 quomodolibet
861 1680 937 1702 con-

181 1722 290 1763 cessis,
312 1723 511 1767 approbatis,
532 1722 731 1756 confirmatis
756 1728 787 1756 et
807 1723 937 1756 innova-

181 1776 233 1810 tis.
259 1776 382 1815 Quibus
404 1777 557 1809 omnibus
577 1782 607 1809 et
631 1776 777 1819 singulis,
796 1775 933 1815 etiamsi,

182 1840 242 1873 pro
273 1829 406 1863 illorum
438 1829 611 1862 sufficienti
644 1829 866 1872 derogatione,
898 1830 937 1862 de

183 1882 247 1916 illis
267 1893 447 1926 eorumque
473 1883 549 1916 totis
581 1882 746 1915 tenoribus
773 1883 934 1926 specialis,

183 1936 345 1980 specifica,
370 1947 519 1981 expressa
552 1945 581 1969 et
598 1936 775 1976 individua,
798 1946 863 1969 non
879 1948 937 1969 au-

186 1996 250 2023 tem
268 2000 327 2034 per
346 1990 507 2023 clausulas
526 1990 693 2033 generales
708 1989 793 2022 idem
814 1989 938 2033 impor-

186 2048 300 2083 tantes,
324 2043 445 2076 mentio
465 2054 521 2076 seu
539 2042 668 2087 quaeris
688 2042 749 2075 alia
775 2035 956 2086 expressio}

188 2096 349 2135 habenda,
376 2103 430 2131 aut
453 2097 562 2140 aliqua
579 2097 640 2129 alia
661 2096 817 2140 exquisita
836 2097 937 2129 fornia

187 2149 301 2183 adhoc
314 2151 468 2183 servanda
485 2150 579 2190 foret,
599 2150 938 2189 tenoresliuiusmodi,

189 2215 227 2237 ac
247 2203 271 2236 si
298 2203 336 2236 de
357 2204 454 2236 verbo
471 2204 510 2236 ad
536 2204 684 2243 verbum,
706 2203 786 2235 nibil
812 2203 941 2246 penitus

190 2256 323 2297 omisso,
346 2268 382 2289 ac
400 2263 523 2290 servata
543 2268 654 2290 eorum
680 2257 796 2297 forma,
819 2256 940 2290 insere-

191 2314 305 2343 rentur
322 2310 558 2353 praesentibus,
586 2322 644 2353 pro
662 2310 858 2343 sufficienter
866 2310 942 2343 “ex-
958 2287 960 2326 l

192 2357 311 2403 pressis
333 2359 498 2399 babentes,
519 2359 581 2391 illis
597 2359 674 2391 alias
699 2359 731 2391 in
751 2369 808 2392 suo
827 2359 942 2391 robore

194 2407 428 2451 permansuris,
451 2409 511 2439 liae
530 2407 597 2440 viee
622 2408 800 2447 dumtaxat,
823 2408 962 2450 special-t

1607 151 1665 187 891

967 219 1129 253 indultum
1168 217 1254 261 quod
1285 216 1444 257 interdici,
1482 216 1635 261 suspendi
1668 217 1715 249 vel

966 272 1238 305 excommunicari
1273 282 1335 304 non
1363 270 1484 314 possint
1503 281 1562 315 per
1594 270 1717 304 litteras

966 325 1159 369 apostolicas
1181 336 1242 357 non
1266 325 1418 357 facientes
1447 316 1576 367 plenam
1604 329 1635 357 et
1663 335 1728 374 etz-5

968 391 1107 423 pressam
1121 390 1157 409 at:
1170 378 1207 410 ds·
1227 378 1371 410 i·‹=i·l›oa‹l
1389 377 1520 411 verbum
1536 378 1574 411 dc
1594 377 1716 411 indulto

968 432 1156 465 huiusmodi
1178 432 1388 464 mentionem.

976 489 983 494 ⁸
1011 486 1124 519 Datum
1146 482 1265 518 Romae
1291 485 1376 528 apud
1391 484 1543 518 Sanctum
1566 485 1717 527 Marcum,

968 540 1026 572 sub
1038 537 1451 576 annuloPiseatoris,‹liexv
1463 537 1531 571 iulii
1541 548 1717 578 iintxxxvu‚

971 592 1177 637 pontisne-atus
1197 592 1296 624 nostri
1323 601 1407 623 anno
1433 601 1477 624 111.

1017 651 1081 681 Dat.
1098 649 1145 680 die
1162 650 1199 680 15
1214 650 1277 679 iulii
1298 650 1384 687 «1587,
1404 650 1508 689 pontit'.
1525 659 1603 680 anno
1622 658 1666 680 111.

1732 165 1784 192 Αιι.
1797 163 1827 191 C.
1846 162 1912 192 1587

1297 823 1396 857 XCIV.

971 899 1186 943 Confirmatio
1199 905 1361 944 aexteram
1371 902 1408 933 in
1428 901 1537 934 diaeta
1553 901 1588 933 in
1604 910 1718 934 mona-

1013 955 1109 987 sterio
1129 955 1166 987 de
1184 954 1269 987 Pace
1288 955 1325 987 dc
1348 954 1429 987 Urbe
1446 955 1559 988 habita
1570 966 1628 999 pro
1643 966 1718 989 con-

1013 1009 1201 1052 qreqatione
1218 1008 1433 1041 Lctleranensi
1452 1009 1479 1041 1.

996 1089 1090 1118 Sixtus
1106 1089 1174 1125 rapa
1191 1090 1222 1122 V.
1242 1090 1276 1118 ad
1293 1092 1455 1127 perpetuam
1470 1091 1512 1119 rei
1526 1091 1693 1120 memoriam.

1015 1160 1030 1203 ἓ
1050 1160 1081 1193 1.
1119 1160 1204 1193 Licet
1237 1161 1413 1205 capitulum
1446 1163 1596 1205 generale
1621 1163 1722 1197 dicto-
1761 1180 1809 1201 eum
1831 1183 1918 1199 ceum.

972 1224 1043 1245 rum
1080 1213 1223 1247 filiorum
1259 1215 1489 1248 canonicorum
1523 1217 1720 1259 regularium
1736 1211 1782 1263 {fonj
1806 1210 1919 1267 Πξζζξζᾚ

972 1266 1100 1300 Ordinis
1110 1267 1140 1300 S.
1159 1268 1339 1310 Augustini,
1355 1270 1616 1312 congregationis
1632 1271 1722 1303 Late·
1736 1258 1774 1297 ΠῚΪ
1787 1272 1811 1292 ²¹⁰
1831 1270 1920 1321 ¹f⁰ss²¹{²

976 1320 1117 1353 ranensis
1128 1321 1257 1363 singulo
1269 1332 1398 1364 quoque
1412 1323 1550 1356 triennio
1560 1334 1619 1367 per
1635 1324 1722 1357 illius
1736 1307 1897 1355 ssssl'iisssslfif‘
1907 1307 1919 1321 ³

976 1378 1130 1407 rectorem
1151 1376 1335 1417 generalem
1357 1381 1387 1408 et
1406 1376 1607 1416 diffinitores,
1626 1377 1724 1410 abba-

976 1433 1031 1467 ·os,
1053 1428 1214 1470 praelatos
1234 1433 1265 1460 et
1280 1428 1384 1461 socios
1407 1429 1615 1472 capitulares,
1636 1431 1723 1464 iuxta

975 1480 1194 1513 ordinationes
1211 1487 1239 1514 et
1263 1481 1382 1514 litteras
1403 1481 1504 1514 felicis
1524 1483 1722 1516 recordatio-

975 1533 1022 1565 uis
1057 1533 1201 1577 Gregorii
1221 1534 1324 1578 Papae
1354 1535 1431 1575 Xlll,
1469 1536 1724 1579 praedecessoris

976 1587 1087 1626 nostri,
1114 1593 1185 1631 post
1219 1587 1343 1620 tertiam
1382 1588 1578 1621 dominicam
1607 1601 1624 1621 a
1645 1590 1723 1623 sesto

977 1640 1135 1674 l'asclialis
1168 1641 1425 1674 Resurrectionis
1458 1642 1583 1675 Domini
1622 1643 1723 1676 nostri

976 1694 1044 1726 lesu
1065 1693 1181 1727 Christi
1199 1700 1397 1738 sequentem,
1418 1696 1573 1729 celebrari
1592 1697 1722 1733 debeat:

975 1748 1188 1781 nihilominus
1208 1748 1239 1781 id
1266 1749 1327 1782 hoc
1347 1760 1430 1783 anno
1452 1750 1641 1783 adveniente
1662 1750 1725 1783 sine

977 1802 1117 1843 triennii,
1141 1807 1171 1835 et
1192 1803 1328 1836 instante
1357 1809 1501 1847 tempore
1521 1804 1597 1836 dicti
1628 1815 1725 1847 gene-

977 1856 1052 1888 ralis
1073 1856 1205 1899 capituli
1220 1857 1258 1889 (le
1280 1867 1368 1889 more
1389 1857 1481 1889 solito
1494 1858 1724 1900 congregandi,

977 1909 1210 1942 commissariis
1234 1910 1309 1942 dieti
1327 1910 1453 1943 Ordinis
1468 1911 1506 1943 ad
1533 1911 1727 1943 monasteria

977 1967 1007 1994 et
1041 1962 1112 1995 loca
1156 1963 1257 1995 eidem
1300 1963 1541 2006 congregationi
1583 1964 1724 1997 subiecta

977 2015 1182 2054 visitandum,
1210 2022 1237 2049 et
1260 2027 1371 2049 causas
1401 2023 1533 2060 propter
1556 2028 1635 2061 quas
1660 2017 1728 2061 ipsa

980 2069 1172 2102 monasteria
1184 2080 1239 2102 seu
1255 2070 1383 2102 abbates
1401 2076 1431 2102 ct
1453 2070 1576 2113 priores
1597 2071 1726 2103 illorum

980 2133 1078 2155 onera
1098 2122 1144 2155 eis
1176 2122 1396 2155 incumbentia
1421 2124 1542 2156 solvere
1563 2129 1730 2156 cessarunt

981 2176 1253 2218 cognoscendum,
1286 2177 1490 2215 transuussis,
1520 2177 1729 2209 rationalibus

982 2229 1087 2261 causis
1108 2229 1263 2262 celebrari
1283 2240 1346 2261 non
1372 2230 1481 2269 valuit,
1501 2236 1529 2262 et
1552 2231 1623 2263 loeo
1643 2231 1730 2263 eius-

982 2282 1053 2314 dem
1073 2282 1205 2325 capituli
1222 2279 1390 2325 generalis,
1408 2284 1446 2315 de
1463 2294 1621 2316 consensu
1633 2294 1730 2316 rene-

959 2331 962 2372 l
983 2336 1094 2368 rabilis
1115 2337 1221 2369 fratris
1235 2337 1330 2370 Marci
1343 2337 1470 2369 Antonii
1483 2337 1731 2380 cpiscopiPrae-

984 2390 1188 2430 nestinensis‚
1209 2390 1381 2422 cardinalis
1409 2390 1583 2423 Columnae
1603 2401 1731 2424 nuncu-

193 2455 268 2489 mffl.
294 2461 324 2488 et
361 2466 510 2499 expresse
545 2456 750 2497 derogamus,
775 2454 963 2489 contrariis
986 2444 1062 2487 pati,
1081 2454 1117 2476 ac
1137 2443 1239 2476 dietae
1252 2444 1511 2486 congregationis
1527 2443 1730 2487 protectoris,

195 2504 468 2548 quibuscumque.
496 2506 558 2537 Aut
578 2505 602 2537 si
620 2497 781 2548 aliquibus
801 2516 945 2537 commu-
962 2488 966 2527 e'
986 2497 1040 2540 qui
1054 2497 1145 2530 110¹)ss
1155 2496 1236 2530 dissffl
1252 2497 1732 2541 impssdlfflssfllfflSlgsslfiCaVGl'ss}

196 2553 281 2587 niter
300 2555 348 2587 vel
373 2554 499 2587 divisim
530 2554 569 2585 ab
589 2554 771 2597 Apostolica
793 2554 831 2587 sit
865 2554 945 2588 Sede
971 2587 975 2590 ,
1024 2566 1032 2591 Ἰι
1052 2564 1094 2591 Ex
1110 2564 1220 2598 Regest.
1237 2564 1265 2591 in
1280 2564 1385 2591 Secret.
1404 2564 1486 2591 Brev.
