2059 3228
9 304 48 333 An
73 303 102 333 C.
123 304 189 334 1572

838 296 918 323 (ΗΠ-36
923 296 1013 321 omns
1033 296 1084 320 xttt
1107 297 1154 320 ΓΡ.

1651 283 1693 316 99

205 363 366 399 congruae
386 352 606 388 sustentationi
625 350 857 397 provideretur:
874 359 944 388 nos,
991 359 1137 388 morum,
1164 353 1195 380 et
1225 347 1467 380 carmelitarum
1486 372 1494 386 ,
1523 344 1735 378 Eremitarum

201 408 256 454 qui
287 408 356 442 illas
375 406 565 442 necessariis
585 406 681 439 rebus
699 403 826 438 destitui
851 402 945 435 nolu-
990 401 1132 434 eiusdem
1154 402 1185 433 S.
1216 401 1400 443 Augustini,
1428 400 1597 434 Servorum
1619 398 1652 431 B.
1676 398 1737 430 Ma-

201 472 284 503 mus,
311 461 528 504 certioresque
553 460 625 492 sacti
649 467 759 492 sumus
785 455 818 488 in
837 454 946 488 multis

201 515 388 553 civitatibus,
399 513 537 558 oppidis,
547 513 630 545 villis
643 516 697 545 aut
706 508 944 547 aliislocis,tam

201 568 233 601 in
253 567 398 601 ecclesiis
418 572 448 599 et
473 564 684 604 monasteriis,
719 573 815 605 quam
839 560 946 604 hospi-

201 620 326 660 tatibus,
339 620 493 662 collegiis,
505 615 817 653 confraternitatibus
829 619 860 647 et
875 614 946 647 aliis

201 673 283 708 locis
301 673 375 717 piis,
404 673 563 716 etiamque
597 681 615 704 a
643 668 773 712 privatis
805 667 945 701 homini-

200 722 272 763 bus,
295 728 362 754 tum
384 718 604 755 ecclesiasticis
622 722 689 750 tum
705 715 810 757 laicis,
830 716 946 748 multas

201 787 239 810 ac
257 776 398 809 diversas
418 775 633 815 eleemosynas
657 769 773 803 Christi
793 769 945 813 pauperi-

201 829 262 862 bus
287 823 695 872 01·0ga1·i‚‘considerantes
722 823 753 856 in
787 822 943 856 eiusmodi

201 892 354 927 personas
372 882 420 915 vel
448 881 481 913 in
508 877 620 922 primis
639 876 850 910 exercendam
878 886 946 909 esse

201 935 402 974 charitatem,
432 942 525 976 quae,
555 929 734 964 voluntaria
758 935 946 973 paupertate

201 993 361 1033 suscepta,
384 986 422 1020 ab
441 984 527 1018 omni
548 983 718 1017 hominum
751 982 946 1016 commercio

201 1045 394 1085 segregatae,
413 1038 477 1071 Deo
497 1037 649 1077 serviunt,
671 1041 701 1070 et
725 1036 861 1069 assiduis
876 1046 946 1079 pre-

203 1094 295 1128 cibus
309 1093 388 1126 iram
399 1091 503 1134 Ipsius
517 1090 558 1123 ob
574 1096 705 1134 peccata
725 1094 912 1133 conceptam
929 1100 946 1122 a

203 1145 372 1181 christiano
385 1144 507 1188 populo
523 1143 750 1187 deprecantu1·;
773 1142 852 1175 illud
869 1153 948 1185 quo-

202 1209 265 1244 que
286 1197 472 1241 cogitantes,
491 1196 515 1230 si
529 1197 575 1230 eis
587 1196 626 1230 ad
638 1197 716 1229 tales
729 1196 948 1239 eleemosynas

204 1250 350 1297 petendas
369 1250 408 1283 ad
423 1250 494 1284 loca
512 1249 676 1294 praedicta
695 1250 842 1282 conferre
862 1248 947 1282 seli-

201 1308 298 1343 eeret,
323 1302 373 1336 vix
400 1303 468 1336 fore
493 1308 528 1336 ut
546 1302 710 1347 praedicta
730 1301 945 1342 monasteria,

11 1400 13 1402 q
199 1356 366 1397 ecclesiae,
396 1357 467 1390 loca
485 1367 523 1390 ac
542 1366 699 1400 personae
736 1355 781 1389 eis
814 1355 949 1398 singulis

3 1420 21 1442 2'
31 1427 42 1455 '1
197 1419 264 1443 non
281 1414 404 1442 tantum
426 1410 540 1443 saltem
561 1409 754 1448 tribuerent,
790 1414 948 1453 quantum

39 1456 57 1474 '¹
198 1462 333 1506 singulis
353 1462 423 1496 aliis
451 1462 650 1506 pauperibus
680 1463 793 1496 eodem
814 1473 949 1495 coneur-

198 1516 344 1550 rentibus
362 1517 475 1556 solent,
495 1516 644 1550 universo
661 1517 718 1561 ¹illi
736 1517 800 1549 Deo
820 1516 949 1549 devota-

198 1579 272 1602 rum
302 1569 477 1602 mulierum
494 1569 604 1612 generi
631 1569 670 1602 de
690 1575 893 1613 opportunae
913 1580 949 1602 ac

198 1621 387 1656 sufficientis
401 1622 619 1656 subventionis
643 1622 763 1656 auxilio
783 1622 950 1667 providere

199 1675 384 1719 cupientes:

64 1764 74 1777 Ἰ
243 1728 260 1772 §
277 1727 311 1762 3.
331 1728 375 1762 De
394 1728 489 1762 nobis
507 1729 678 1762 attributae
702 1729 867 1773 potestatis
885 1730 953 1773 ple-

69 1783 188 1838 '2222'ss
201 1781 349 1815 nitudine
368 1781 538 1815 statuimus
557 1788 589 1815 et
612 1782 801 1815 ordinamus
820 1787 856 1815 ut
882 1793 952 1815 om-

70 1847 72 1849 >
97 1875 99 1878 Α
143 1852 190 1868 m-
203 1845 261 1868 nes
279 1840 312 1868 et
329 1835 527 1879 quicumque
546 1835 766 1877 patriarchae,
786 1837 951 1879 primates,

10 1908 26 1926 r
57 1878 191 1932 ffifflffi}
203 1887 440 1932 archiepiscopi
452 1914 460 1928 ‚
493 1887 634 1932 episcopi
666 1893 697 1921 et
721 1888 775 1920 alii
805 1888 954 1922 eeclesia-

75 1942 78 1944 ’
129 1940 190 1962 ‘¹⁸⁶‘
202 1951 277 1975 rum
302 1941 454 1985 praelati,
483 1951 611 1974 necnon
637 1941 782 1982 abbates,
809 1942 952 1986 priores,

73 1976 190 2030 affingi?
203 1993 377 2039 praepositi
404 2000 435 2028 et
458 1995 511 2027 alii
538 1995 692 2028 ecelesias
711 1995 954 2038 patriarchales,

48 2033 192 2056 'liuuens-
246 2047 254 2053 .
326 2048 332 2054 .
608 2049 613 2053 .

78 2065 193 2087 ιιυιῑι-ιο-
204 2048 413 2092 primatiales,
445 2049 727 2091 metropolitanas,
759 2049 957 2082 cathedrales

100 2100 192 2122 “⁰3³¹''
206 2105 238 2134 et
255 2100 333 2134 alias
347 2101 498 2134 ecclesias
508 2111 636 2134 necnon
651 2102 856 2143 monasteria,
874 2103 957 2145 prio-

207 2159 309 2194 ratus,
330 2154 582 2198 praeposituras,
609 2155 837 2199 canonicatus,
864 2166 957 2199 prae-

208 2206 350 2248 bendas,
386 2207 572 2251 dignitates,
612 2214 823 2252 personatus,
855 2209 958 2241 admi-

209 2260 428 2301 nistrationes,
457 2260 577 2301 officia,
603 2267 774 2305 ceteraque
802 2262 960 2296 beneficia

211 2311 440 2352 ecclesiastica,
462 2324 536 2347 cum
557 2325 635 2347 cura
655 2320 686 2347 et
701 2315 770 2348 sine
785 2326 875 2356 cura,
891 2326 960 2349 sae-

212 2364 336 2400 cularia
354 2370 386 2398 et
407 2365 439 2398 S.
461 2366 637 2407 Benedicti,
658 2367 692 2400 S.
712 2368 893 2411 Augustini,
914 2368 963 2402 Ci-

213 2418 408 2458 sterciensiS,
425 2418 660 2459 Cluniacensis,
680 2420 964 2455 praemonstraten-

214 2467 268 2506 sis,
281 2467 502 2507 cartusiensis,
513 2466 780 2511 Camaldulensis‚
794 2470 825 2503 S.
841 2471 961 2511 Basilii,

216 2515 424 2555 cassinensis,
447 2515 523 2548 alias
542 2515 574 2549 S.
595 2517 745 2558 Iustinae,
767 2519 880 2553 Montis
899 2519 963 2553 Oli-

216 2563 300 2604 veti,
333 2563 366 2597 S.
395 2564 580 2605 Salvatoris,
605 2576 642 2599 ac
668 2566 906 2608 lateranensis,
935 2574 963 2602 et

218 2611 469 2653 Cruciferorum,
485 2624 539 2647 seu
563 2614 698 2647 fratrum
713 2615 745 2648 S.
765 2616 964 2660 Hieronymi,

221 2671 348 2696 necnon
370 2662 648 2705 Praedicatorum,
674 2663 853 2705 Minorum,
873 2666 966 2699 Mini-

989 454 1067 493 riae,
1089 454 1120 487 S.
1143 454 1253 486 Clarae
1267 480 1274 493 ‚
1301 459 1331 486 et
1350 461 1631 496 quorumcumque
1655 451 1735 483 alio-

988 517 1072 546 rum,
1091 513 1154 539 tam
1172 506 1312 539 virorum
1327 517 1423 549 quam
1439 505 1624 545 mulierum,
1639 504 1735 538 etiam

987 559 1249 599 Meudicautium,
1281 559 1435 592 Ordiuum
1468 565 1499 592 ct
1518 557 1737 602 congregatio-

988 623 1066 645 num
1092 618 1123 645 et
1147 613 1348 652 militiarum,
1372 612 1549 654 regularia,
1571 611 1667 645 etiam
1696 610 1736 643 de

989 665 1058 699 iure
1088 671 1278 709 patronatus
1313 665 1489 705 laicorum,
1515 665 1610 698 etiam
1641 663 1735 697 nobi-

987 718 1079 758 lium,
1102 719 1221 751 (lucum
1238 745 1246 760 ‚
1268 728 1381 761 regum
1402 724 1433 751 et
1456 718 1592 751 aliorum
1614 716 1735 762 prinei-

987 782 1064 814 pum
1090 771 1313 812 existentia,in
1335 770 1474 810 titulum,
1498 770 1733 811 commendam,

987 823 1297 857 administrationem
1325 828 1355 857 et
1383 823 1460 856 alias
1479 824 1736 867 quomodocum-

988 888 1052 920 que
1072 877 1266 917 obtinentes;
1287 887 1415 911 necnon
1435 883 1576 910 rectores
1589 903 1596 916 ,
1618 878 1736 920 guber-

987 935 1127 972 natores,
1144 931 1337 971 confratres,
1353 930 1627 963 administratores
1651 936 1735 963 cete-

988 983 1081 1027 rique
1101 994 1224 1024 omnes,
1239 983 1307 1027 qui,
1323 984 1449 1017 ratione
1464 983 1593 1016 illorum
1610 993 1737 1016 necnon

988 1037 1217 1080 capitulorum,
1233 1042 1460 1077 conventuum,
1472 1047 1668 1076 mensarum,
1681 1037 1737 1069 ho-

988 1089 1167 1132 spitalium,
1191 1091 1287 1123 etiam
1317 1090 1475 1124 laicorum
1501 1096 1532 1123 et
1555 1100 1613 1134 per
1639 1090 1737 1122 laicos

988 1142 1207 1176 administrari
1248 1144 1416 1177 solitorum
1432 1169 1440 1183 ,
1479 1143 1738 1177 christifidelium

989 1196 1298 1237 confraternitatum,
1311 1197 1508 1237 scholarum,
1526 1196 1738 1239 collegiorum

988 1259 1025 1282 ac
1044 1249 1183 1283 aliorum
1203 1250 1332 1293 piorum
1358 1250 1506 1283 locorum
1531 1259 1740 1293 quocumque

989 1302 1121 1336 nomine
1140 1308 1425 1347 nuncupatorum,
1454 1307 1485 1336 et
1511 1303 1544 1335 in
1573 1302 1740 1346 quibusvis

989 1356 1103 1388 mundi
1124 1356 1269 1399 partibus
1289 1356 1547 1394 consistentium,
1570 1367 1653 1399 quae
1673 1355 1738 1388 sin-

989 1409 1073 1451 gulis
1102 1409 1213 1449 anuis,
1238 1410 1421 1450 mensibus,
1454 1409 1666 1443 hebdomadis
1691 1408 1740 1441 vel

990 1462 1104 1495 diebus
1133 1473 1170 1495 ex
1198 1463 1425 1503 ecclesiarum,
1453 1462 1739 1500 monasteriorum,

990 1514 1206 1558 prioratuum,
1225 1515 1419 1557 officiorum,
1434 1516 1627 1560 dignitatum
1641 1521 1671 1549 et
1683 1515 1740 1548 be-

990 1569 1183 1602 neficiorum
1204 1580 1241 1602 ac
1270 1569 1572 1613 congregationum,
1599 1569 1741 1613 hospita-

991 1621 1089 1662 lium,
1116 1623 1433 1662 confraternitatum,
1454 1623 1655 1663 scholarum,
1676 1622 1742 1656 col-

991 1675 1196 1718 legior‘tlm,⁰‘
1207 1675 1336 1720 piorum
1365 1680 1396 1709 et
1428 1676 1565 1709 aliorum
1592 1676 1740 1709 locorum

993 1729 1232 1771 praedictorum
1242 1729 1410 1770 fructibus,
1425 1729 1603 1763 redditibus
1622 1735 1653 1763 et
1668 1740 1742 1774 pro-

993 1781 1150 1822 ventibus,
1174 1783 1372 1826 pauperibus
1386 1783 1502 1817 Christi
1522 1783 1646 1826 aliquas
1660 1783 1743 1816 elee-

995 1845 1143 1879 mosynas
1162 1836 1195 1868 in
1216 1847 1310 1880 pane,
1333 1837 1508 1877 frumento,
1530 1836 1642 1877 farina,
1655 1836 1741 1876 rino,

996 1888 1122 1929 eduliis,
1152 1890 1289 1933 pecunia
1313 1900 1369 1923 seu
1396 1891 1467 1923 aliis
1495 1891 1534 1923 ad
1557 1891 1675 1924 victum
1696 1891 1744 1923 vel

995 1942 1143 1976 vestitum
1168 1943 1418 1986 pertinentibus,
1438 1945 1533 1978 etiarn
1561 1945 1599 1977 ad
1624 1944 1745 1988 suppli-

997 1996 1156 2029 cationem
1178 2002 1209 2029 et
1228 2008 1352 2040 preces,
1375 2003 1405 2031 ct
1420 2009 1478 2041 per
1492 1998 1621 2031 cedulas
1641 2003 1668 2031 et
1685 1998 1744 2031 bo-

997 2049 1108 2083 lettina
1127 2055 1182 2082 aut
1200 2050 1278 2083 alias
1297 2051 1490 2084 distribuere
1510 2056 1539 2084 et
1559 2051 1686 2094 elargiri
1704 2052 1744 2084 ab

998 2103 1247 2136 immemorabili
1268 2110 1413 2148 tempore
1429 2111 1674 2145 consueverunt,
1689 2111 1746 2138 aut

1754 291 1801 317 An.
1815 291 1846 319 C.
1867 289 1932 319 ⁸572

999 2156 1062 2189 alio
1099 2167 1307 2201 quocumque
1345 2158 1414 2190 iure
1443 2163 1604 2199 tenentur,
1631 2169 1667 2191 ex
1700 2156 1765 2191 ‹li-⁷

1000 2210 1058 2243 ctis
1084 2210 1449 2250 fructibus,redditibus
1473 2217 1503 2244 ct
1528 2212 1746 2254 p1·oventibus;

1001 2268 1033 2296 et
1047 2263 1154 2306 quoad
1169 2263 1339 2307 hospitalia
1358 2264 1534 2307 praedicta,
1551 2275 1588 2297 ex
1603 2265 1641 2298 iis
1655 2277 1751 2310 quae,

1001 2322 1123 2349 servata
1138 2316 1171 2348 in
1186 2317 1250 2350 illis
1269 2317 1385 2350 actuali
1402 2317 1628 2361 hospitalitate,
1639 2331 1751 2363 super-

1002 2375 1077 2402 sunt
1096 2380 1152 2402 seu
1169 2370 1361 2413 super-erint,
1382 2380 1509 2403 necnon
1525 2382 1751 2417 quaecumque

1004 2433 1159 2466 personae
1179 2423 1409 2466 particulares,
1441 2425 1535 2457 etiam
1560 2426 1660 2460 laicae
1674 2453 1682 2467 ,
1704 2427 1751 2459 vet

1004 2471 1236 2555 uniffisitates,
1259 2472 1352 2504 etium
1370 2472 1537 2514 laicorum,
1553 2486 1635 2517 quae
1655 2481 1751 2508 testa-

1005 2530 1055 2552 me
1118 2547 1125 2560 ,
1147 2520 1259 2553 ultima
1280 2521 1440 2555 voluntate
1460 2524 1508 2555 vel
1534 2524 1597 2556 alia
1616 2523 1753 2568 disposi-

1006 2569 1111 2609 tione,
1133 2569 1226 2601 etiam
1257 2570 1340 2602 inter
1359 2570 1460 2611 rivos,
1491 2572 1646 2615 aliquales
1674 2573 1754 2605 tales

1006 2617 1222 2661 eleemosynas
1257 2618 1361 2652 facere
1390 2624 1557 2661 tenentur,
1587 2620 1753 2654 dimidiam

1006 2673 1130 2710 partem
1151 2668 1296 2701 onmium
1321 2674 1352 2702 et
1371 2679 1652 2714 quarumcumque
1672 2670 1753 2703 elec-
