2059 3228
102 206 154 235 An.
172 206 199 235 C.
218 208 285 236 1587

124 1818 243 1842 clausulae.

345 199 407 233 ⁸70

300 261 386 295 modi
411 260 532 294 nemini
554 260 778 303 suffragentur.
799 259 919 299 Quibus
939 260 1045 293 omni·

299 314 369 353 hus,
390 313 524 354 etiamsi,
545 324 603 357 pro
624 314 753 346 illorum
764 313 936 346 sufficienti
954 313 1045 347 dero-

299 367 434 410 gatione,
455 367 533 399 alias
557 367 595 399 de
617 367 679 399 illis
699 377 880 410 eorumque
899 367 972 400 totis
997 372 1044 400 te-

299 420 432 453 noribus
465 419 625 463 specialis,
653 419 814 463 specifica,
835 431 983 464 expressa
1015 425 1045 453 et

299 473 461 506 individua
485 483 522 506 ac
549 474 587 505 de
611 474 708 506 verbo
739 474 779 506 ad
803 474 950 515 verbum,
979 484 1044 507 non

298 532 405 559 autem
438 537 496 570 per
525 527 684 559 clausulas
704 527 870 569 generales
880 527 963 560 idem
982 527 1044 559 im-

298 584 472 623 ponantes,
484 581 603 613 mentio
616 591 673 613 seu
688 581 816 624 quaevis
836 580 897 613 alia
914 591 1043 624 expres-

298 633 344 664 sio
381 633 540 673 habenda,
575 639 630 666 aut
654 634 761 677 aliqua
793 634 854 666 alia
889 633 1044 677 exquisita

296 685 399 718 serina
415 686 453 719 ad
474 686 535 720 hoc
555 686 709 719 servanda
726 692 820 727 esset,
844 693 971 720 tenores
985 687 1044 720 hu·

296 739 447 781 iusmodi,
471 740 541 773 acsi
563 741 602 773 de
622 740 718 773 verbo
739 740 779 774 ad
798 741 943 781 verbum,
962 740 1044 772 nihil

295 793 423 837 penitus
444 794 575 834 omisso,
597 798 627 827 et
648 795 751 826 forma
770 794 802 826 in
834 793 898 827 illis
927 794 1043 826 tradita

295 847 471 890 observata,
486 847 596 880 inserti
611 848 716 880 forent
735 847 970 891 praesentibus,
984 857 1043 890 pro

295 901 491 934 sufficienter
511 901 668 945 expressis
691 900 856 940 habentes,
879 900 941 933 illis
965 900 1043 932 alias

295 954 327 986 in
347 965 405 988 suo
422 954 539 987 robore
556 954 785 998 permansuris,
798 954 859 986 hae
869 953 935 986 vice
947 953 1042 985 dum-

295 1014 390 1049 taxat,
412 1009 594 1052 specialiter
619 1013 649 1041 et
674 1018 821 1051 expresse
851 1007 1044 1050 derogamus

294 1062 466 1095 contrariis
478 1061 751 1105 quibuscumque.
762 1061 822 1093 Aut
840 1060 864 1092 si
881 1060 1044 1103 aliquibus

294 1115 535 1159 praedictorum
555 1115 604 1148 vel
623 1114 789 1158 quibusvis
808 1113 878 1146 aliis
898 1124 1043 1146 commu-

292 1169 378 1202 niter
398 1169 444 1202 rel
466 1168 590 1202 divisim
615 1167 655 1200 ab
675 1167 787 1200 eadem
821 1166 859 1199 sit
879 1166 960 1200 Sede
992 1166 1042 1198 in-

293 1224 419 1256 dultum
445 1222 532 1266 quod
556 1221 717 1261 interdici,
740 1220 893 1264 suspendi
918 1220 967 1253 vel
987 1230 1041 1253 ex-

293 1276 526 1310 communicari
539 1286 603 1308 non
624 1274 746 1318 possint
757 1284 814 1318 per
826 1274 949 1306 litteras
966 1283 1043 1317 apo—

292 1330 420 1364 stolicas
440 1340 504 1362 non
525 1329 677 1362 facientes
696 1328 825 1371 plenam
857 1332 887 1360 et
911 1337 1042 1370 expres-

292 1395 360 1417 sam
385 1394 421 1416 ac
446 1384 485 1416 de
503 1383 600 1416 verbo
633 1382 672 1415 ad
691 1381 823 1415 verbum
855 1381 894 1414 de
915 1380 1042 1413 indulto

292 1437 479 1471 huiusmodi
500 1437 711 1470 mentionem.
739 1436 893 1468 Volumus
918 1440 1039 1474 autem,

293 1492 379 1534 quod
406 1497 539 1536 propter
564 1490 730 1530 unionem,
763 1488 975 1522 annexionem
1012 1493 1042 1521 et

293 1545 588 1589 incorporationem
626 1543 819 1587 praedictas,
846 1542 1041 1575 monasteria

293 1600 480 1634 huiusmodi
492 1599 525 1631 in
544 1598 766 1642 spiritualibus
782 1607 846 1630 non
857 1597 1038 1635 laedantur,

293 1659 323 1687 et
343 1654 374 1686 in
394 1652 627 1696 temporalibus
637 1651 829 1684 detrimenta
848 1661 911 1683 non
928 1650 1041 1683 substi-

292 1713 402 1747 neant,
425 1707 480 1741 sed
507 1717 619 1740 eorum
643 1715 785 1748 congrue
809 1709 1042 1749 supporteijur

291 1771 390 1794 onera
415 1765 579 1794 consueta.

334 1814 419 1847 Nulli
439 1824 528 1856 ergo,
552 1818 609 1847 etc.

334 1868 448 1900 Datum
464 1868 584 1900 Romae
604 1866 691 1910 apud
711 1865 864 1900 Sanctum
884 1865 1038 1906 Marcum,

292 1932 377 1955 anno
396 1920 629 1954 Incarnationis
654 1920 836 1953 dominicae
870 1918 1042 1952 millesimo

294 1969 777 2014 quingentesimooctuagesimo
787 1968 935 2012 septimo,
949 1968 1043 2012 quin-

294 2026 325 2052 to
339 2020 410 2052 idus
427 2019 518 2059 iunii,
541 2018 748 2063 pontificatus
767 2017 866 2050 nostri
889 2027 973 2049 anne
993 2027 1038 2050 111.

343 2073 406 2102 Dat.
429 2072 475 2102 die
491 2073 508 2103 9
523 2072 599 2102 iunii
618 2072 705 2108 1587,
725 2070 833 2110 pontis.
851 2079 928 2100 anno
944 2078 988 2100 111.

636 2181 696 2215 Ml.

296 2240 472 2275 Damnatio
499 2241 719 2282 com'ttyt'orum
741 2249 799 2283 per
824 2238 986 2272 emmchos
1015 2241 1044 2270 et

339 2290 494 2333 antclones
518 2294 756 2322 contractorum
790 2293 819 2322 et
852 2287 1045 2321 contrahen-

341 2340 468 2372 (loram.

297 2401 393 2430 sixtus
416 2401 486 2436 Papa
500 2401 529 2435 v.
550 2401 698 2430 venerabili
715 2400 801 2430 fratri
819 2401 940 2436 episcopo
960 2399 1044 2428 Nava·

343 2450 427 2479 110ῃεί
445 2451 540 2479 nostro
569 2452 599 2480 et
627 2451 702 2479 sedis
720 2451 889 2487 apostolicae
908 2450 936 2478 in
954 2448 1046 2484 regnis

342 2499 528 2535 Hispaniarum
550 2499 656 2528 nuncio.

344 2552 423 2585 Cum
444 2553 627 2594 frequenter
642 2553 675 2585 in
696 2553 762 2585 istis
783 2551 968 2594 regionibus
988 2561 1045 2584 eu-

302 2601 400 2634 nuchi
425 2601 554 2645 quidam
575 2607 605 2635 et
629 2601 799 2646 spadones,
823 2601 879 2643 qui
910 2605 1046 2643 utroque

888 208 1068 233 nttLLAntttM
1092 209 1242 234 ROMANUM

1088 266 1165 294 teste
1186 266 1313 302 carent,
1344 266 1374 295 et
1399 262 1470 296 ideo
1497 269 1622 297 certum
1641 274 1678 298 ac
1697 263 1831 298 manife-

1087 318 1171 347 stum
1191 319 1239 348 est
1258 325 1313 348 eos
1333 325 1444 348 verum
1465 327 1573 349 semen
1600 317 1744 351 emittere
1768 327 1833 350 non

1087 378 1192 411 posse;
1207 368 1284 411 quia
1301 368 1430 412 impura
1451 369 1557 402 earnis
1571 370 1724 413 tentigine
1738 374 1833 413 atque

1086 421 1263 454 immundis
1287 422 1508 466 complexibus
1534 433 1606 455 cum
1643 423 1834 456 mulieribus

1086 485 1119 507 se
1133 475 1357 515 commiscent,
1376 480 1406 508 et
1421 475 1591 508 humorem
1604 476 1710 508 forsan
1720 486 1833 519 quein-

1086 528 1159 560 dam
1186 527 1325 561 similem
1349 528 1476 569 semini,
1496 528 1572 561 licet
1592 528 1631 561 ad
1655 528 1835 571 generatio-

1086 592 1161 614 nem
1188 587 1219 614 et.
1248 582 1286 614 ad
1320 581 1518 615 matrimonii
1546 592 1677 615 causam
1700 581 1834 615 minime

1086 640 1208 680 aptum,
1226 635 1408 675 effundunt,
1431 635 1636 669 matrimonia
1667 646 1741 669 cum
1761 646 1834 668 mu·

1086 688 1230 729 lieribus,
1260 689 1449 733 praesertim
1473 689 1560 722 hunc
1585 689 1689 733 ipsum
1720 698 1833 722 eorum

1085 741 1245 774 desectum
1276 742 1462 783 scientibus,
1482 743 1673 776 contrahere
1699 752 1834 786 praesu-

1086 800 1184 835 mant,
1205 796 1303 839 idque
1323 796 1381 829 sibi
1404 795 1501 829 licere
1527 795 1736 839 pertinaciter
1756 805 1833 828 con-

1087 849 1227 890 tendant,
1242 855 1272 883 et
1283 860 1381 893 super
1399 850 1461 882 boe
1472 849 1613 882 diversae
1624 848 1694 882 lites
1711 853 1742 881 et
1759 858 1834 881 con-

1086 902 1260 937 troversiae
1302 903 1341 936 ad
1382 909 1475 936 tunm
1518 908 1549 936 et
1579 902 1834 936 ecclesiasticum

1085 956 1192 988 sorum
1223 956 1445 990 deducantur:
1487 954 1651 999 requisivit
1687 966 1705 988 a
1741 954 1834 988 nobis

1085 1010 1266 1043 fraternitas
1294 1016 1347 1044 tua
1378 1010 1456 1053 quid
1485 1010 1524 1043 de
1544 1008 1731 1042 huiusmodi
1755 1019 1832 1042 con-

1085 1063 1192 1096 nubiis
1211 1063 1251 1097 sit
1270 1064 1486 1097 statuendum.

1129 1118 1143 1160 ἓ
1164 1118 1194 1150 1.
1217 1118 1280 1151 Νο5
1305 1117 1416 1161 igitur,
1438 1117 1638 1151 attendentes
1666 1116 1755 1160 quod
1786 1127 1833 1149 se-

1084 1171 1228 1204 cundum
1248 1171 1420 1204 canonicas
1446 1170 1628 1203 sanctiones
1647 1174 1677 1202 et.
1696 1174 1830 1202 naturae

1085 1225 1252 1265 rationem,
1277 1224 1330 1268 qui
1361 1223 1495 1267 frigidae
1533 1229 1665 1256 naturae
1697 1228 1772 1256 sunt
1800 1227 1832 1255 et

1084 1277 1289 1321 impotentes,
1320 1278 1418 1311 iidem
1454 1277 1586 1310 minime
1611 1276 1676 1320 apti
1696 1276 1736 1309 ad
1756 1286 1832 1309 con-

1084 1332 1239 1365 trahenda
1251 1331 1454 1365 matrimonia
1464 1334 1666 1374 reputantur,
1679 1329 1831 1372 quodque

1083 1386 1239 1429 praedicti
1278 1385 1420 1419 eunuchi
1453 1390 1508 1418 aut
1542 1383 1711 1428 spadones,
1751 1393 1832 1426 quas

1085 1445 1246 1483 tamquam
1281 1449 1397 1472 uxores
1430 1437 1549 1471 habere
1583 1447 1647 1469 non
1680 1442 1828 1480 possunt,

1084 1493 1211 1526 easdem
1240 1493 1359 1526 habere
1385 1497 1420 1525 ut
1444 1501 1570 1525 sorores
1598 1490 1724 1529 nolunt,
1754 1488 1830 1533 quia

1083 1546 1280 1591 experientia
1296 1546 1400 1586 docet,
1423 1551 1487 1578 tam
1507 1545 1593 1587 ipsos
1613 1544 1690 1576 dum
1717 1553 1749 1576 se
1771 1552 1829 1586 po-

1084 1606 1185 1634 tentes
1204 1600 1243 1634 ad
1265 1600 1448 1633 coeundum
1469 1598 1624 1637 iactitant,
1646 1607 1743 1641 quam
1760 1606 1830 1628 mu-

1082 1655 1189 1695 lieres,
1212 1665 1295 1697 quae
1315 1654 1360 1687 eis
1379 1653 1517 1691 nubunt,
1540 1661 1605 1684 uon
1626 1656 1660 1683 ut
1680 1654 1764 1683 caste
1783 1649 1829 1681 vi-

1083 1713 1166 1748 vant,
1181 1708 1236 1741 sed
1257 1712 1292 1740 ut
1312 1706 1485 1739 carnaliter
1505 1704 1641 1738 invicem
1653 1702 1829 1746 coniugali-

1084 1767 1148 1801 tur,
1180 1771 1277 1805 prava
1305 1765 1336 1793 et
1369 1759 1540 1792 libidinosa
1561 1757 1750 1797 intentione,
1770 1756 1830 1790 suh

1083 1820 1248 1859 praetextu
1269 1813 1347 1847 etin
1372 1813 1475 1856 ligura
1491 1810 1701 1850 matrimonii,
1719 1815 1831 1854 turpes

1084 1868 1270 1902 huiusmodi
1291 1866 1536 1900 commixtiones
1559 1865 1722 1906 affectare,
1747 1873 1831 1907 quae

1084 1933 1158 1956 cum
1179 1921 1302 1966 peccati
1321 1926 1351 1954 et
1370 1919 1512 1953 scandali
1525 1918 1728 1952 occasionem
1741 1927 1831 1961 prae-

1084 1976 1191 2016 beant,
1213 1981 1244 2009 et
1263 1975 1295 2008 in
1311 1974 1492 2007 animarum
1513 1971 1751 2005 damnationem
1765 1974 1831 2003 ten-

1085 2031 1171 2070 dant,
1194 2035 1269 2062 511111
1288 2028 1328 2062 ab
1347 2027 1489 2061 Ecclesia
1508 2026 1562 2058 Dei
1582 2035 1714 2069 prorsus
1727 2029 1830 2057 exter-

1086 2083 1266 2116 minandae.
1291 2082 1328 2115 Et
1347 2082 1479 2124 insuper
1495 2078 1735 2113 considerantes
1745 2076 1831 2120 quod

1086 2149 1123 2171 ex
1139 2137 1320 2180 spadonum
1350 2134 1536 2168 huiusmodi
1558 2139 1587 2166 et
1605 2131 1832 2165 eunuchorum

1086 2190 1246 2233 coniugiis
1265 2190 1355 2222 nulla
1377 2187 1495 2221 utilitas
1519 2185 1675 2230 provenit,
1697 2184 1752 2218 sed
1772 2194 1831 2228 po-

1086 2244 1150 2278 tius
1174 2243 1387 2277 tentationum
1416 2240 1589 2274 illecebrae
1623 2244 1650 2271 et
1673 2237 1832 2271 incentiva

1087 2297 1228 2331 libidinis
1245 2296 1406 2336 oriuntur,
1433 2294 1535 2327 eidem
1558 2290 1747 2325 fraternitati
1760 2295 1832 2323 tuae

1087 2362 1145 2395 per
1163 2355 1349 2395 praesentes
1360 2347 1589 2382 committimus
1602 2352 1632 2378 et
1644 2344 1833 2378 mandamus

1088 2406 1122 2433 ut
1142 2400 1293 2443 coniugia
1312 2410 1369 2442 per
1389 2397 1490 2431 dictos
1508 2401 1537 2429 et
1558 2395 1638 2428 alios
1657 2403 1831 2437 quoscum-

1087 2461 1150 2494 que
1170 2449 1338 2483 eunuchos
1362 2454 1392 2481 et
1416 2446 1573 2490 spadones
1594 2449 1730 2486 utroque
1756 2446 1833 2475 teste

1089 2504 1233 2532 carentes
1253 2509 1324 2531 cum
1351 2495 1518 2540 quibusvis
1547 2492 1747 2531 mulieribus,
1782 2489 1833 2522 de-

1090 2549 1207 2581 sectum
1226 2545 1425 2591 praedictum
1444 2543 1507 2576 sive
1528 2539 1749 2586 ignorantibus
1767 2537 1832 2570 sive

1089 2597 1186 2631 etiam
1206 2594 1393 2637 scientibus,
1409 2591 1556 2628 contrahi
1566 2589 1750 2635 prohibeas,
1763 2596 1831 2620 eos-

1875 269 1960 291 nubium
1968 274 2024 294 ant·-
2034 263 2050 282 :t

1849 306 1891 323 tum
1906 305 1969 328 super
1976 300 2025 324 πῑΙ-
2042 293 2050 310 ⁸

1848 333 1913 354 ditate
1922 331 2025 359 eontusstu-
2033 318 2050 351 ’1

1847 370 1892 385 rum
1906 368 1960 390 qun
1977 367 2025 386 ωι-

1848 395 1933 417 trahnnt
1959 399 2025 418 umu-

1847 428 1891 450 chi.

1907 1106 2021 1153 fluctuati»

1846 1160 1900 1186 qnod
1923 1165 1949 1180 on
1967 1155 2022 1186 imfl-
2044 1177 2048 1189 Δ

1846 1191 1888 1212 sint
1915 1192 1936 1212 iu
1969 1191 2022 1222 [Q-

1988 1227 2002 1272 ,

1994 1279 2012 1340 1
2044 1339 2047 1351 ,
