2059 3228
112 209 218 287 :as-55

86 1943 90 1947 ·
120 1937 131 1953 Ο

896 232 1000 258 stxrus
1017 231 1037 256 v
1061 232 1108 257 nr».

231 287 317 332 quod
342 287 473 329 erectio,
506 287 676 329 institutio,
703 276 881 329 concessio,
903 287 978 320 assi-

228 341 350 384 gnatio,
372 341 542 382 subiectio,
564 342 749 385 applicatio,
771 341 973 386 approbatio,

198 418 199 421 =
228 395 400 428 reservatio
419 401 448 428 ct
468 396 633 429 decretum
650 395 975 439 praedecessorishu-

227 446 364 481 iusmodi
386 449 520 492 perinde
545 460 562 481 a
587 449 674 482 dicto
695 449 746 482 die
770 448 882 492 quinto
903 449 974 482 idus

175 518 180 522 ·
226 500 302 534 maii
322 512 416 535 suum
438 503 612 535 sortiantur
631 502 794 539 effectum,
811 511 848 534 ac
867 501 893 534 si
919 512 973 534 su-

224 563 284 597 per
308 554 371 587 illis
400 555 476 588 dicti
497 555 752 599 praedecessoris
772 555 893 588 litterae
912 555 972 588 sub

224 606 368 641 eiusdem
389 609 451 642 diei
465 609 537 641 data
550 610 713 643 contectae
731 608 875 648 fuissent,
898 619 971 651 pro-

223 664 259 693 ut
276 661 426 704 superius
445 667 637 701 enarratur-3
659 661 810 705 quodque
821 671 971 705 praesen-

223 717 269 750 tes
287 714 411 748 litterae
435 716 473 748 ad
494 715 695 759 probandum
719 715 813 758 plene
833 715 968 748 erectio-

221 776 308 807 nem,
338 767 583 809 institutionem,
605 768 859 809 concessionem,
890 769 968 801 assi-

219 820 418 865 gnationem,
439 822 684 861 subiectionem,
703 821 966 865 applicationem,

218 874 526 917 appropriationem,
553 875 798 908 reservationem
811 880 841 908 et
858 875 967 909 decre-

219 931 285 960 tum
305 927 559 971 praedecessoris
573 928 758 962 huiusmodi
769 929 891 972 ubique
903 930 967 963 sus-

217 979 338 1021 ficiam,
364 991 424 1015 nec
441 982 480 1015 ad
498 982 528 1015 id
549 982 748 1026 probationis
767 983 965 1017 alteriusad-

216 1033 409 1068 miniculum
426 1036 623 1079 requiratur.

257 1086 343 1120 Nulli
356 1097 431 1131 ergo
452 1089 584 1122 omnino
591 1089 761 1123 hominum
771 1089 867 1123 liceat
878 1090 962 1124 hanc

214 1139 363 1183 paginam
383 1145 440 1175 etc.

256 1192 371 1226 Datum
391 1194 510 1227 Romae
535 1196 620 1239 apud
645 1196 797 1229 Sanctum
817 1193 960 1239 Petrum,

213 1255 299 1279 anno
321 1247 555 1282 Incarnationis
575 1249 756 1283 dominicae
790 1251 960 1285 millesimo

213 1300 469 1344 quingentesimo
481 1304 700 1346 octuagesimo
712 1305 837 1346 quinto,
850 1305 961 1340 kalen-

213 1352 262 1386 dis
282 1353 369 1395 maii,
396 1356 600 1399 pontificatus
611 1358 711 1390 nostri
732 1369 816 1391 anno
837 1369 858 1391 1.

277 1411 341 1443 Dat.
358 1412 404 1443 die
421 1413 434 1443 1
453 1414 521 1443 maii
541 1415 626 1450 1585,
646 1416 751 1454 pontis.
770 1425 854 1453 anno,
865 1415 900 1449 ιζ

557 1607 605 1639 lII.

209 1678 338 1713 Erectio
359 1668 588 1715 Unice-sitatis
605 1683 717 1716 Stadii
745 1679 958 1727 yefflalvffi

194 1744 201 1750 ·
253 1734 377 1778 colleqiz'
393 1736 428 1768 in
447 1737 559 1779 oppido
576 1736 874 1780 illussz'pontsmensi
890 1739 956 1773 Me-

254 1788 352 1821 tensis
369 1789 518 1822 dioecesis
530 1789 557 1823 ¹.

222 1891 229 1898 .
275 1868 373 1898 Sixtus
387 1855 539 1906 episcopus,
558 1877 653 1900 servus
667 1876 808 1901 servorum
821 1872 878 1906 Dei,

353 1923 387 1952 ad
405 1925 565 1960 perpetuam
583 1926 624 1954 rei
641 1926 809 1955 memoriam.

245 1991 372 2027 Rati'oni
405 1996 555 2039 congruit
576 2002 608 2029 et
629 1997 777 2030 convenit
796 1997 953 2032 honestati

206 2051 243 2079 ut
267 2057 316 2088 ea,
341 2059 424 2092 quae
453 2049 492 2082 de
512 2050 646 2083 Romani
666 2051 829 2085 Pontificis
853 2053 954 2096 gratia

205 2107 434 2143 processerunt
445 2129 465 2143 ,.
480 2103 555 2136 licet
569 2130 577 2144 ,
605 2104 674 2137 eius
709 2106 953 2149 superveniente

206 2152 310 2193 obitu,
331 2153 457 2188 litterae
477 2158 670 2200 apostolicae
690 2158 829 2202 desuper
844 2160 953 2193 conse-

207 2211 276 2240 ctae
295 2217 360 2240 non
391 2208 530 2251 suerint,
552 2220 648 2244 suum
677 2211 852 2245 sortiantur
879 2213 954 2247 effe-

207 2264 307 2293 ctum.

250 2313 266 2357 ξ
285 2313 317 2347 ²1.
336 2314 416 2348 Cum.
436 2315 556 2360 itaque,
572 2317 605 2350 in
625 2317 811 2351 fundatione
831 2324 862 2352 et
882 2326 952 2352 ere-

91 2369 97 2394 ί
122 2373 192 2425 3:⁶50
207 2362 312 2396 ctione
332 2364 549 2398 Universitatis
567 2366 670 2399 Studii
690 2367 954 2409 generalisdiver-

206 2420 314 2445 sarum
349 2413 556 2447 scientiarum
577 2421 607 2448 et
638 2416 764 2458 collegii
784 2416 952 2450 Societatis

206 2459 276 2494 lesu
299 2460 332 2493 in
352 2463 471 2506 oppido
492 2463 777 2506 Mussipontanensi
805 2465 951 2499 Metensis

172 2520 175 2524 ·
207 2507 371 2550 dioecesis,
387 2514 425 2543 ad
446 2522 558 2554 preces
577 2512 680 2545 bonae
699 2513 873 2546 memoriae
892 2513 950 2547 Ca-

205 2557 267 2591 roli
286 2559 458 2593 cardinalis
480 2561 520 2593 de
539 2561 742 2605 Lotharingia
758 2563 947 2607 nuncupati„

243 2625 255 2653 Ι
270 2624 314 2654 Ex
327 2625 439 2662 Regest.
457 2626 484 2654 in
500 2626 606 2656 secret.
626 2625 768 2657 Brevium.

1661 218 1719 255 571

1019 291 1050 318 et
1071 286 1178 319 dilecti
1201 286 1257 319 filii
1276 287 1391 319 nohilis
1411 287 1466 319 viri
1477 286 1579 319 Caroli
1596 285 1765 318 [othariu-

1017 337 1088 380 giae
1109 345 1139 371 et
1160 339 1246 371 Burri
1270 334 1375 378 ituris,
1395 340 1456 373 iam
1479 339 1600 383 pridem
1627 349 1643 372 a
1665 339 1766 372 felicis

1019 392 1250 423 recordationi<
1271 393 1422 432 Gregorio
1441 393 1522 435 Papa
1538 393 1617 433 Nili,
1632 392 1764 436 praefie-

1017 453 1144 477 cessore
1175 451 1297 484 nostro,
1329 447 1422 483 lacta,
1460 446 1619 478 indultum
1654 445 1764 478 fuisset

1014 507 1073 541 per
1100 497 1249 530 eumdem
1271 499 1563 542 pravctvcessoroni,
1586 499 1668 532 iuter
1687 499 1760 540 alia,

1013 550 1130 583 rectori
1154 550 1296 584 eiusdem
1325 552 1451 595 collegii
1477 563 1513 583 ac
1542 553 1762 596 qtiperioribus
1787 559 1958 599 cmssqrfusxm

990 631 994 653 ι
1013 608 1040 635 et
1067 603 1259 648 presbyteris
1280 605 1381 637 dictae
1402 605 1566 638 Societatis
1593 615 1651 649 pro
1678 611 1759 639 tem-
1774 595 1959 652 {iiiffl'rass‘iie'iss

1012 666 1090 699 pore
1108 657 1329 698 existentibus,
1353 663 1398 697 ut,
1422 659 1526 701 quoad
1549 659 1755 702 theologiam,
1772 657 1958 707 {ffijsffiffffifiss

1012 710 1250 754 philosophiam
1269 722 1305 744 ac
1326 712 1534 744 humaniores
1549 713 1677 751 litteras,
1691 713 1758 745 illa·
1773 721 1798 741 ἕο
1821 717 1956 746 aduncam

1011 774 1082 796 rum
1091 764 1479 808 (iumtaxatprosessorum
1489 771 1514 797 et
1531 766 1756 807 magistrorum
1771 749 1811 768 Μ’

1009 817 1244 860 deputationes‚
1268 829 1305 851 ac
1325 818 1588 852 scholasticorum
1604 819 1636 852 in
1648 820 1758 853 easin-

1007 871 1230 904 cumbentium
1245 871 1325 905 vitae
1349 872 1595 915 studiorumque
1611 873 1754 917 discipli-

1008 935 1094 965 nam,
1121 925 1370 967 correctionem,
1405 925 1633 959 admissionem
1655 932 1686 960 et
1705 927 1754 959 di-

1007 978 1206 1019 missionem,
1233 982 1360 1012 necnon
1384 978 1529 1022 regimen
1558 984 1588 1012 et
1615 979 1753 1013 admini-

1005 1031 1205 1073 strationem,
1228 1043 1266 1065 ac
1284 1032 1523 1077 promotionem
1544 1033 1582 1065 ad
1594 1033 1751 1075 gradus-in

1004 1084 1097 1118 dictis
1116 1085 1334 1128 facultatibus,
1353 1092 1448 1130 atque
1462 1095 1526 1119 uno
1539 1087 1636 1119 verbo
1652 1092 1751 1121 totam

1003 1139 1135 1182 politiae
1150 1139 1325 1173 litterariae
1340 1139 1489 1181 sormam,
1504 1140 1591 1172 iuxta
1608 1141 1750 1174 eiusdem

1003 1192 1339 1237 Societatisssinstitutm
1353 1193 1537 1237 dirigerent,
1551 1204 1702 1227 concessa
1718 1195 1749 1228 in

1002 1247 1137 1290 reliquis
1164 1247 1315 1281 facultate
1340 1247 1426 1281 dicto
1450 1247 1564 1280 Carolo
1594 1248 1749 1281 cardinali

1001 1306 1032 1333 et
1049 1300 1197 1344 personis
1216 1300 1255 1333 ab
1280 1309 1319 1334 eo
1339 1301 1557 1343 nominandis,
1580 1312 1638 1345 pro
1663 1301 1748 1335 eius-

1000 1354 1073 1387 dem
1092 1353 1323 1395 Universitatis,
1346 1354 1390 1387 sic
1406 1365 1464 1397 per
1484 1354 1633 1388 eumdem
1654 1366 1747 1399 prae-

1000 1408 1200 1441 decessorem
1242 1414 1386 1448 erectae,
1418 1408 1613 1449 directione,
1648 1418 1747 1453 quae-

999 1470 1139 1505 cumque
1163 1467 1279 1495 statuta
1300 1462 1473 1503 condendi,
1499 1462 1658 1502 mutandi,
1680 1473 1748 1496 cor-

999 1514 1134 1558 rigendi,
1169 1515 1378 1558 eiusdemque
1406 1515 1625 1549 Universitatis
1644 1521 1747 1549 recto-

997 1579 1048 1602 res
1079 1579 1136 1602 seu
1169 1574 1381 1614 protectores,
1417 1569 1591 1610 scholares,
1626 1580 1745 1613 procu-

996 1627 1130 1663 ratores,
1156 1623 1293 1656 bidellos
1310 1628 1340 1656 et
1364 1623 1515 1656 officiales
1540 1633 1599 1666 pro
1622 1628 1746 1667 tempo-

996 1687 1031 1710 re
1055 1677 1195 1720 eligendi
1218 1687 1277 1711 seu
1300 1677 1472 1711 electiones
1500 1677 1571 1710 aliis
1596 1677 1743 1711 commit-

995 1730 1096 1764 tendi.
1316 1754 1319 1757 -

1036 1784 1054 1828 fi
1078 1783 1110 1817 Ξ).
1136 1784 1207 1828 Ipse
1229 1795 1304 1818 vero
1314 1784 1446 1818 Carolus
1465 1785 1648 1827 cardinalis,
1659 1784 1741 1819 sieut
1754 1782 1940 1837 moLssglgfflssg}

994 1837 1079 1871 idem
1097 1844 1278 1883 acceperat,
1304 1844 1407 1872 morte
1420 1844 1623 1882 praeventus,
1636 1850 1741 1883 neque
1755 1831 1886 1882 niveisitaffis
1896 1853 1938 1888 ηομ

977 1912 978 1915 =
994 1897 1155 1926 rectorem
1164 1892 1383 1926 Universitatis
1396 1903 1550 1935 umquam
1563 1893 1742 1936 deputavis-
1755 1878 1939 1930 §insumamus

994 1951 1059 1986 set,
1091 1956 1197 1989 neque
1230 1946 1398 1979 facultates
1429 1946 1615 1979 huiusmodi
1644 1947 1741 1980 alicui

994 2010 1150 2044 personae
1171 2000 1362 2033 nominatim
1384 2000 1743 2043 delegasset,licetdicti

995 2053 1121 2095 collegii
1139 2058 1247 2087 rector
1262 2064 1319 2096 per
1331 2060 1403 2086 octo
1420 2063 1520 2086 annos
1539 2053 1587 2086 vol
1599 2053 1740 2096 circiter,

993 2105 1099 2140 Caroli
1133 2106 1224 2139 ducis
1252 2105 1407 2149 praedicti
1434 2105 1606 2150 permissu,
1643 2106 1741 2139 etiam

994 2160 1210 2194 Universitatis
1230 2160 1365 2193 rectoris
1391 2170 1509 2192 nomen
1538 2165 1569 2192 et
1597 2159 1740 2193 officium

993 2213 1194 2252 obtinuisset,
1217 2214 1313 2256 idque
1333 2223 1373 2245 an
1391 2213 1460 2245 iure
1479 2213 1598 2245 sactum
1618 2212 1740 2246 essetin

993 2267 1241 2299 controversiam
1263 2266 1404 2299 revocari
1421 2266 1604 2299 audivisset.
1619 2295 1632 2302 r.

1036 2320 1050 2363 ἓ
1076 2320 1107 2353 3.
1131 2320 1255 2352 ideirco
1272 2320 1340 2363 ipse
1352 2319 1669 2363 praedecessor,qui,
1679 2331 1739 2364 pro
1751 2353 1779 2373 im
1815 2323 1934 2376 ”05¹³va

993 2384 1127 2407 munere
1147 2373 1207 2405 sibi
1223 2373 1406 2411 commisse,
1423 2372 1593 2415 diligenter
1606 2374 1739 2407 curabat
1751 2360 1935 2413 usqssinessisgiis'j

993 2432 1027 2460 ut
1053 2426 1276 2460 Universitates
1296 2425 1481 2459 Studiorum
1515 2427 1713 2469 generalium
1728 2455 1735 2468 ,
1751 2418 1839 2442 ⁹¹⁰¹⁰¹¹²²
1861 2422 1934 2439 '⁸⁰²⁰‘

1751 2451 1795 2466 rem
1865 2455 1889 2470 uo
1907 2455 1933 2471 ue

991 2476 1182 2520 praesertim
1211 2475 1243 2508 in
1272 2475 1352 2509 locis
1384 2475 1566 2508 animarum
1592 2476 1736 2520 periculo
1750 2482 1799 2512 ²⁵50
1823 2455 1934 2502 ffii'eissi·

990 2525 1142 2558 subiectis
1161 2525 1363 2563 constitutae,
1385 2533 1443 2568 per
1463 2529 1603 2558 rectores
1621 2525 1683 2558 tide
1707 2532 1737 2559 et
1751 2511 1932 2568 iui'ssssilass'iii

991 2573 1146 2615 religione
1161 2573 1311 2617 probatos
1322 2573 1459 2606 fideliter
1469 2573 1735 2613 diruerenttffftn
1751 2573 1801 2597 0¹⁹⁴

990 2622 1163 2655 tollendam
1184 2632 1313 2655 omnem
1337 2622 1370 2654 in
1401 2622 1583 2666 praemissis
1606 2628 1737 2656 conten-

1782 229 1837 258 An.
1853 229 1872 258 C
1897 229 1965 259 15⁸5
