2059 3228
40 269 66 304 ”.,
80 267 145 302 ¹578

53 0 179 67 wi&
206 11 208 13 -

122 27 131 38 ’Δ

83 50 95 62 ³

71 86 74 90 ⁴
87 74 90 83 .

149 324 264 361 melius
281 325 382 358 visum
405 325 505 365 soret,
538 324 711 358 ordinariis
740 325 887 358 locorum

148 379 211 414 sive
230 378 320 418 aliis,
346 377 386 410 ad
405 388 486 422 quos
515 378 673 411 institutio
701 377 888 410 earumdem

147 441 358 476 personarum
373 432 629 474 quomodolibet,
646 437 679 465 ut
692 430 888 474 praefertur,

147 489 314 529 spectaret,
336 484 375 517 de
396 485 628 517 consuetudine
644 484 694 518 vel
708 483 778 516 iure
798 493 888 527 prae-

145 542 283 576 sentare,
305 542 337 570 et
355 536 525 569 ordinariis
555 536 631 580 ipsis
650 545 804 580 personas
832 535 888 568 ho-

144 589 267 635 spitalis
282 589 468 624 huiusmodi
484 595 539 622 aut
558 590 636 622 alias
655 588 887 623 ecclesiasticas

143 642 333 682 instituere3
355 652 481 675 necnon
518 642 664 686 personis
694 640 884 685 praedictis,

143 699 312 741 postquam
337 694 369 727 in
398 695 460 728 illis
485 694 648 728 institutae
686 695 801 733 forent,
831 693 887 725 illa

142 757 254 790 regere
277 752 308 780 et
327 748 508 790 gubernare
528 748 628 780 libere
658 752 689 780 et
711 746 799 779 licite
832 756 886 778 va-

141 799 245 833 lerent
263 799 407 840 indulsit,
427 806 524 843 prout
540 800 574 832 in
603 799 734 832 diversis
757 808 888 831 eorum-

141 851 215 886 dem
240 853 524 896 praedecessorum
562 852 701 896 desuper
734 850 887 885 confectis

140 903 254 938 litteris
273 905 400 949 plenius
409 905 604 938 continetur.

135 966 146 1009 ‘f
183 957 199 1001 ἓ
219 956 250 991 3.
271 957 350 991 Cum
370 962 489 998 autem,
502 957 585 990 sicut
605 957 716 990 eadem
730 955 885 1000 expositio

721 271 896 313 campulus
914 271 968 296 xm
986 272 1034 296 Pp,

904 784 908 968 l

1567 266 1633 301 249

929 330 1090 365 contenta,
1123 327 1297 369 apostoliea
1328 327 1533 368 auctoritate,
1564 333 1678 362 tenore

929 377 1160 420 praesentium,
1182 390 1217 411 ex
1239 386 1323 412 certa
1344 381 1477 415 scientia
1495 386 1527 414 et
1544 381 1584 415 de
1599 392 1677 426 apo-

928 429 1058 462 stolicae
1086 431 1250 473 potestatis
1279 433 1492 476 plenitudine,
1514 435 1675 478 approba—

929 493 999 515 mus
1029 489 1059 515 et
1083 484 1322 525 confirmamus,
1353 486 1480 530 illisque
1501 492 1675 530 perpetuae

927 540 958 573 et
978 535 1170 568 inviolabilis
1190 536 1351 570 firmitatis
1376 539 1475 571 robur
1490 539 1674 580 adiicimus;

927 597 964 619 ac
981 597 1093 620 omnes
1111 593 1141 620 et
1161 587 1304 629 singulos
1325 595 1388 622 tam
1415 590 1493 624 iuris
1513 602 1610 635 quam
1627 592 1675 625 sa-

927 638 969 671 cti
989 639 1146 680 desectus,
1168 640 1193 672 si
1219 641 1273 684 qui
1298 641 1527 676 intervenerint
1558 643 1591 676 in
1611 643 1674 677 eis-

927 691 1012 731 dem,
1043 693 1232 736 supplemus
1247 719 1254 733 ,
1286 693 1405 737 illaque
1419 721 1426 735 ,
1460 706 1519 739 pro
1555 696 1673 740 potiori

926 745 1062 785 cautela,
1085 745 1287 786 innovamus,
1304 753 1335 780 et
1354 747 1409 785 eis,
1423 754 1579 791 quatenus
1592 760 1674 794 opus

926 797 976 837 sit,
997 797 1104 830 denuo
1123 799 1343 832 concedimus:
1368 799 1410 832 ita
1440 807 1476 833 ut
1507 801 1582 835 dicti
1604 814 1672 836 ma-

926 849 1036 892 gister,
1059 851 1325 884 commendatarii
1341 859 1372 885 et
1385 853 1509 891 fratres,
1524 854 1556 887 in
1576 857 1674 889 colla-

927 902 1012 935 tione
1033 913 1090 936 seu
1101 904 1357 946 praesentatione
1370 916 1580 948 personarum
1593 919 1674 951 prze-

926 954 1083 988 dictarum
1103 955 1143 988 ad
1163 956 1314 989 ecclesias
1332 963 1363 990 et
1381 958 1540 992 beneficia
1559 960 1673 994 huius-

84 1035 131 1051 oon-
140 1008 364 1053 subiungebat,
386 1009 483 1043 iidem
502 1009 654 1052 magister
673 1014 704 1042 et
723 1009 836 1042 fratres
853 1008 886 1040 in
928 1008 1013 1040 modi
1034 1007 1066 1040 in
1086 1019 1294 1053 quocumque
1314 1021 1436 1051 mense,
1456 1012 1551 1045 etiam
1572 1012 1673 1047 dictae

139 1125 194 1149 seu
214 1114 438 1159 praesentandi
465 1125 618 1159 personas
635 1115 668 1147 in
691 1114 817 1147 indulto
845 1113 885 1146 ab

139 1167 252 1201 eodem
263 1167 396 1201 Martino
408 1178 559 1201 concesso
573 1177 736 1210 expressas
744 1167 783 1199 ad
792 1167 886 1200 bene-

137 1219 211 1254 ficia
230 1225 262 1253 et
284 1220 436 1253 ecclesias
451 1220 637 1253 huiusmodi
664 1219 796 1259 fuerint,
818 1225 848 1252 et
867 1230 885 1252 a

136 1272 267 1306 nemine
274 1273 414 1317 desuper
426 1273 586 1306 molestari
597 1272 780 1306 debuerint:
796 1277 826 1305 et
836 1271 886 1304 ni-

136 1320 313 1359 hilominus
332 1336 350 1359 a
369 1325 500 1359 diversis
528 1325 686 1369 personis,
716 1330 884 1369 praetextu

129 1379 353 1423 ,quorumdam
373 1379 615 1423 privilegiorum
639 1378 685 1412 eis
715 1387 884 1411 concesso-

133 1424 223 1473 rum,
251 1437 363 1465 contra
387 1442 500 1464 eorum
526 1431 761 1475 possessionem
781 1430 883 1464 mole-

137 1489 274 1525 stentur;
289 1495 402 1528 quare,
416 1494 473 1528 pro
491 1490 581 1528 parte
597 1484 786 1517 eorumdem
798 1484 885 1517 Hen-

137 1537 197 1571 rici
209 1536 350 1580 magistri
364 1542 395 1570 et
414 1537 765 1570 commendatariorum
779 1542 810 1570 et
822 1537 884 1569 fra-

136 1594 224 1624 trum
234 1589 328 1623 nobis
336 1589 396 1622 fuit
406 1589 795 1634 humilitersupplicatum
806 1599 884 1633 qua-

137 1647 232 1677 tenus
262 1652 317 1676 eos
346 1642 385 1675 ab
419 1642 569 1675 indebitis
606 1642 883 1677 molestationibus

135 1694 322 1729 huiusmodi
331 1695 481 1735 liberare,
494 1695 638 1738 aliasque
651 1695 684 1727 in
701 1695 883 1738 praemissis

115 1784 117 1786 ,
136 1752 318 1792 opportune
328 1747 497 1791 providere
505 1748 545 1781 de
555 1747 750 1791 benignitate
758 1754 885 1792 aposto-

138 1800 202 1834 lica
215 1800 434 1843 dignaremur.

182 1852 243 1897 §4-
265 1853 328 1886 Nos
347 1853 444 1896 igitur
459 1853 586 1886 eosdem
601 1853 788 1897 magistrum
801 1854 883 1887 Hen-

26 1903 127 1964 ¹352*ssss
138 1905 256 1946 riuum,
274 1906 563 1939 commendatarios
583 1911 613 1939 et
644 1907 758 1939 fratres
777 1917 794 1939 a
813 1907 884 1950 qui-

31 1964 80 1985 ·210·
138 1955 244 1993 busvis
275 1958 633 1999 excommunicationis,
666 1960 884 2003 suspensionis

139 2017 172 2044 et
189 2010 348 2045 interdicti
367 2011 501 2055 aliisque
518 2012 739 2046 ecclesiasticis
759 2019 884 2046 senten-

139 2063 205 2109 tiis,
227 2064 371 2097 censuris
400 2070 430 2098 et
457 2066 581 2108 poenis,
611 2076 629 2098 a
659 2066 730 2099 iure
760 2067 810 2100 vel
843 2067 882 2099 ab

86 2109 90 2115 ”
137 2115 282 2156 homine,
302 2117 413 2160 quavis
442 2117 610 2151 occasione
633 2119 682 2151 vel
707 2130 804 2152 causa
835 2119 882 2152 la-

139 2169 192 2209 tis,
213 2169 240 2203 si
258 2169 375 2212 quihus
394 2171 638 2212 quomodolibet
656 2171 799 2205 innodati
817 2173 882 2205 exi-

137 2227 239 2262 stunt,
257 2222 298 2254 ad
318 2222 468 2256 effectum
489 2224 705 2267 praesentium
720 2225 883 2258 dumtaxat

130 2274 414 2317 consequendum,
439 2276 555 2309 harum
582 2276 664 2310 serie
684 2277 883 2312 absolventes

139 2332 171 2360 et
199 2326 361 2359 absolutos
393 2320 462 2361 fore
495 2335 672 2369 censentes,
697 2329 882 2364 huiusmodi

138 2379 426 2423 supplicationibus
444 2380 599 2422 inclinati,
621 2382 779 2415 dictorum
793 2394 884 2426 prae-

139 2431 345 2465 decessorum
380 2438 564 2466 nostrorum
592 2434 732 2477 vestigiis
770 2435 883 2468 inhae-

138 2485 258 2519 rentes,
280 2480 517 2523 praedictarum
546 2481 724 2515 litterarum
757 2488 883 2517 tenores

138 2527 360 2570 praesentibus
379 2538 438 2571 pro
458 2530 612 2572 expressis
626 2530 790 2571 habentes,
805 2542 882 2564 con-

139 2575 298 2609 cessiones
314 2582 345 2609 et
364 2576 487 2609 indulta
506 2588 543 2610 ac
566 2578 704 2621 desuper
723 2579 883 2612 consectas

138 2621 270 2666 litteras,
297 2635 424 2670 necnon
450 2626 558 2659 omnia
577 2632 607 2659 et
626 2626 751 2669 singula
777 2627 809 2660 in
838 2628 883 2662 eis

903 1111 907 1190 l

139 1072 202 1096 usu
220 1062 380 1096 dictorum
395 1062 636 1106 privilegiorum
651 1073 688 1095 ac
699 1060 886 1095 conferendi
926 1060 998 1093 Sedi
1018 1066 1187 1102 reservato,
1209 1069 1240 1096 et
1263 1064 1350 1106 apud
1376 1064 1492 1097 Sedem
1525 1066 1672 1099 eamdem

927 1113 1081 1153 vacantia,
1103 1115 1217 1157 quovis
1236 1121 1415 1160 praetextu,
1437 1118 1486 1150 vel
1503 1118 1674 1152 occasione

925 1176 1208 1211 quorumcumque
1244 1169 1487 1213 privilegiorum
1518 1181 1556 1204 ex
1592 1182 1673 1215 qua-

926 1229 1065 1262 cumque
1085 1231 1181 1254 causa
1201 1232 1440 1264 concessorum,
1456 1223 1553 1257 etiam
1564 1224 1604 1257 ad
1614 1224 1674 1257 im-

924 1276 1122 1314 peratorum,
1142 1283 1267 1316 regum,
1299 1274 1418 1307 ducum
1447 1281 1503 1308 aut
1535 1276 1673 1310 aliorum

925 1323 1110 1368 principum
1127 1325 1323 1368 instantiam,
1340 1328 1504 1361 molestari
1525 1339 1582 1363 seu
1601 1340 1674 1374 per-

925 1376 1048 1409 turbari
1068 1384 1229 1420 nequeant
1248 1389 1308 1412 nec
1328 1380 1476 1414 debeant.

968 1429 983 1472 g
1003 1429 1034 1462 5.
1057 1430 1095 1464 Et
1123 1431 1149 1464 si
1174 1442 1273 1475 super
1292 1432 1435 1474 indultis,
1464 1445 1547 1478 quae
1567 1436 1671 1470 eidem

925 1482 1075 1525 hospitali
1094 1484 1134 1516 ab
1165 1485 1275 1518 eadem
1301 1486 1381 1519 Sede
1412 1497 1564 1521 concessa
1583 1496 1670 1530 sunt,

925 1540 1036 1568 contra
1050 1546 1163 1569 eorum
1184 1543 1329 1571 tenorem
1342 1539 1464 1573 litteras
1480 1542 1672 1584 apostolicas

924 1587 1092 1631 impetrari
1127 1590 1298 1633 contigerit
1326 1592 1365 1625 de
1394 1592 1527 1627 indultis
1554 1594 1670 1628 huius-

924 1640 1011 1673 modi
1034 1651 1099 1674 non
1119 1642 1266 1676 faciendo
1286 1644 1497 1687 mentionem,
1521 1646 1581 1691 ipsi
1601 1659 1670 1681 ma-

924 1692 1020 1735 gister
1039 1699 1070 1727 et
1089 1695 1203 1729 fratres
1222 1707 1279 1740 per
1309 1708 1361 1730 eas
1380 1700 1577 1743 respondere
1604 1711 1670 1734 non

923 1751 1103 1788 teneantur,
1127 1749 1182 1782 sed
1198 1750 1298 1784 libere
1319 1751 1442 1794 possint
1457 1753 1495 1786 ad
1516 1753 1601 1786 dicta
1610 1754 1667 1787 be-

923 1799 1039 1833 neficia
1062 1802 1333 1847 quandocumque
1352 1805 1496 1839 vacantia
1516 1817 1669 1850 personas

923 1863 1022 1896 supra
1056 1865 1221 1898 expressas
1246 1863 1276 1889 et
1312 1858 1389 1891 alias
1422 1858 1509 1892 iuxta
1540 1860 1670 1893 decreta

924 1906 1052 1939 concilii
1068 1907 1247 1942 Tridentini
1268 1910 1401 1944 idoneas
1420 1912 1590 1945 ordinariis
1618 1913 1669 1946 lo-

924 1969 1036 1992 corum
1055 1961 1104 1993 vel
1120 1961 1202 2003 aliis,
1220 1963 1259 1995 ad
1279 1974 1360 2007 quos
1381 1964 1537 1998 institutio
1557 1965 1670 1999 huius-

924 2011 1009 2044 modi
1032 2013 1264 2048 beneficiorum
1285 2016 1323 2049 de
1339 2017 1408 2050 iure
1428 2018 1475 2050 vel
1495 2024 1669 2052 consuetu-

924 2064 997 2098 dine
1022 2067 1169 2109 pertinet,
1186 2074 1402 2111 praesentare.

968 2118 982 2161 ᾗ
996 2117 1026 2150 6.
1037 2119 1250 2153 Decernentes
1261 2128 1433 2164 praesentes
1444 2122 1567 2156 litteras
1576 2124 1667 2159 nullo

924 2180 1067 2213 unquam
1088 2178 1232 2217 tempore
1257 2175 1295 2207 de
1316 2175 1533 2218 subreptionis
1552 2177 1599 2210 vel
1613 2179 1669 2211 ob-

923 2224 1078 2266 reptionis
1110 2237 1166 2258 seu
1187 2226 1341 2260 nullitatis
1364 2228 1438 2261 vitio
1469 2235 1524 2262 aut
1557 2231 1669 2273 quovis

923 2276 986 2309 alio
1010 2277 1148 2318 defectu,
1174 2279 1269 2312 etiam
1290 2291 1326 2312 ex
1346 2291 1383 2313 eo
1404 2281 1492 2323 quod
1516 2281 1669 2317 interesse

923 2328 1077 2364 habentes
1110 2332 1210 2364 vocati
1235 2343 1300 2365 non
1320 2333 1448 2374 suerint,
1481 2335 1586 2368 notari
1619 2337 1669 2370 vel

923 2381 1119 2427 impugnari,
1139 2395 1195 2417 seu
1215 2385 1254 2417 ad
1274 2386 1429 2420 terminos
1447 2387 1528 2422 iuris
1546 2389 1668 2430 reduci,

922 2436 971 2468 vel
1009 2436 1042 2468 in
1077 2436 1126 2471 ius
1153 2442 1208 2470 aut
1240 2439 1490 2472 controversiam
1525 2443 1669 2476 revocari

923 2494 1028 2526 posse3
1054 2485 1164 2529 sicque
1184 2497 1241 2529 per
1260 2497 1483 2532 quoscumque
1500 2489 1622 2523 iudices
1639 2497 1670 2525 ct

924 2534 1173 2574 commissarios,
1199 2534 1307 2580 quavis
1324 2537 1512 2571 auctoritate
1532 2538 1669 2582 fungen—

923 2587 982 2622 tes,
1000 2583 1123 2616 sublata
1144 2584 1189 2616 eis
1213 2590 1244 2617 et
1263 2595 1376 2617 eorum
1396 2586 1528 2620 cuilibet
1559 2588 1669 2631 quavis

923 2631 1015 2664 aliter
1034 2631 1197 2666 iudicandi
1217 2637 1247 2667 et
1266 2632 1497 2680 interpretandi
1516 2636 1668 2671 facultate

1696 280 1745 306 An.
1764 279 1793 306 C.
1813 280 1882 308 ¹578

1702 2136 1828 2159 clausulae.
