<?xml version="1.0" encoding="UTF-8"?>
<!DOCTYPE html PUBLIC "-//W3C//DTD XHTML 1.0 Transitional//EN"
    "http://www.w3.org/TR/xhtml1/DTD/xhtml1-transitional.dtd">
<html xmlns="http://www.w3.org/1999/xhtml" xml:lang="en" lang="en">
 <head>
  <title>
</title>
<meta http-equiv="Content-Type" content="text/html;charset=utf-8" />
  <meta name='ocr-system' content='tesseract 3.04.00' />
  <meta name='ocr-capabilities' content='ocr_page ocr_carea ocr_par ocr_line ocrx_word'/>
</head>
<body>
  <div class='ocr_page' id='page_1' title='image "./bullarumdiplomat08cath/bullarumdiplomat08cath_0748.png"; bbox 0 0 2059 3228; ppageno 0'>
   <div class='ocr_carea' id='block_1_1' title="bbox 93 248 277 280">
    <p class='ocr_par' dir='ltr' id='par_1_1' title="bbox 93 248 277 280">
     <span class='ocr_line' id='line_1_1' title="bbox 93 248 277 280; baseline 0.005 -4"><span class='ocrx_word' id='word_1_1' title='bbox 93 248 146 277; x_wconf 75' lang='lat' dir='ltr'>An.</span> <span class='ocrx_word' id='word_1_2' title='bbox 163 249 192 278; x_wconf 91' lang='lat' dir='ltr'>C.</span> <span class='ocrx_word' id='word_1_3' title='bbox 209 250 277 280; x_wconf 75' lang='lat'>1586</span> 
     </span>
    </p>
   </div>
   <div class='ocr_carea' id='block_1_2' title="bbox 103 1856 291 1915">
    <p class='ocr_par' dir='ltr' id='par_1_2' title="bbox 103 1856 291 1915">
     <span class='ocr_line' id='line_1_2' title="bbox 128 1856 291 1879; baseline -0.007 -1"><span class='ocrx_word' id='word_1_4' title='bbox 128 1858 162 1878; x_wconf 71' lang='lat' dir='ltr'>nt</span> <span class='ocrx_word' id='word_1_5' title='bbox 166 1859 240 1879; x_wconf 68' lang='lat' dir='ltr'>uentae</span> <span class='ocrx_word' id='word_1_6' title='bbox 253 1856 291 1877; x_wconf 78' lang='lat' dir='ltr'>tle-</span> 
     </span>
     <span class='ocr_line' id='line_1_3' title="bbox 103 1893 232 1915; baseline -0.017 -6"><span class='ocrx_word' id='word_1_7' title='bbox 103 1895 154 1915; x_wconf 64' lang='grc' dir='ltr'>ῐυμ</span> <span class='ocrx_word' id='word_1_8' title='bbox 157 1894 210 1909; x_wconf 66' lang='lat' dir='ltr'>tuni-³</span> <span class='ocrx_word' id='word_1_9' title='bbox 212 1893 232 1908; x_wconf 80' lang='lat' dir='ltr'>e</span> 
     </span>
    </p>
   </div>
   <div class='ocr_carea' id='block_1_3' title="bbox 288 241 1065 2382">
    <p class='ocr_par' dir='ltr' id='par_1_3' title="bbox 288 241 1057 1794">
     <span class='ocr_line' id='line_1_4' title="bbox 336 241 400 275; baseline -0.016 0"><span class='ocrx_word' id='word_1_10' title='bbox 336 241 400 275; x_wconf 60' lang='lat'>7302</span> 
     </span>
     <span class='ocr_line' id='line_1_5' title="bbox 291 299 1050 348; baseline -0.004 -13"><span class='ocrx_word' id='word_1_11' title='bbox 291 302 484 348; x_wconf 80' lang='lat' dir='ltr'>praefertur,</span> <span class='ocrx_word' id='word_1_12' title='bbox 497 305 759 341; x_wconf 88' lang='lat' dir='ltr'>concernentem,</span> <span class='ocrx_word' id='word_1_13' title='bbox 775 299 901 344; x_wconf 88' lang='lat' dir='ltr'>copiam</span> <span class='ocrx_word' id='word_1_14' title='bbox 909 300 1050 333; x_wconf 87' lang='lat' dir='ltr'>authen-</span> 
     </span>
     <span class='ocr_line' id='line_1_6' title="bbox 292 353 1053 397; baseline -0.003 -8"><span class='ocrx_word' id='word_1_15' title='bbox 292 357 389 390; x_wconf 89' lang='lat' dir='ltr'>ticam</span> <span class='ocrx_word' id='word_1_16' title='bbox 412 359 443 388; x_wconf 86' lang='lat' dir='ltr'>et</span> <span class='ocrx_word' id='word_1_17' title='bbox 462 354 525 387; x_wconf 87' lang='lat' dir='ltr'>fide</span> <span class='ocrx_word' id='word_1_18' title='bbox 545 354 687 397; x_wconf 78' lang='lat' dir='ltr'>dignam,</span> <span class='ocrx_word' id='word_1_19' title='bbox 719 353 751 386; x_wconf 94' lang='lat' dir='ltr'>in</span> <span class='ocrx_word' id='word_1_20' title='bbox 772 354 874 387; x_wconf 82' lang='lat' dir='ltr'>forma</span> <span class='ocrx_word' id='word_1_21' title='bbox 895 353 974 387; x_wconf 89' lang='lat' dir='ltr'>iuris</span> <span class='ocrx_word' id='word_1_22' title='bbox 990 365 1053 387; x_wconf 86' lang='lat' dir='ltr'>va-</span> 
     </span>
     <span class='ocr_line' id='line_1_7' title="bbox 292 407 1044 452; baseline -0.003 -10"><span class='ocrx_word' id='word_1_23' title='bbox 292 410 358 442; x_wconf 89' lang='lat' dir='ltr'>lida</span> <span class='ocrx_word' id='word_1_24' title='bbox 384 413 415 441; x_wconf 90' lang='lat' dir='ltr'>et</span> <span class='ocrx_word' id='word_1_25' title='bbox 443 407 612 452; x_wconf 74' lang='lat' dir='ltr'>probante,</span> <span class='ocrx_word' id='word_1_26' title='bbox 635 418 690 440; x_wconf 86' lang='lat' dir='ltr'>seu</span> <span class='ocrx_word' id='word_1_27' title='bbox 712 407 962 441; x_wconf 77' lang='lat' dir='ltr'>instrumentum</span> <span class='ocrx_word' id='word_1_28' title='bbox 983 419 1044 452; x_wconf 89' lang='lat' dir='ltr'>pu-</span> 
     </span>
     <span class='ocr_line' id='line_1_8' title="bbox 291 460 1046 505; baseline -0.001 -10"><span class='ocrx_word' id='word_1_29' title='bbox 291 462 428 501; x_wconf 86' lang='lat' dir='ltr'>blicum,</span> <span class='ocrx_word' id='word_1_30' title='bbox 445 466 615 505; x_wconf 80' lang='lat' dir='ltr'>postquam</span> <span class='ocrx_word' id='word_1_31' title='bbox 632 461 671 493; x_wconf 90' lang='lat' dir='ltr'>ad</span> <span class='ocrx_word' id='word_1_32' title='bbox 692 460 722 493; x_wconf 86' lang='lat' dir='ltr'>id</span> <span class='ocrx_word' id='word_1_33' title='bbox 741 471 799 504; x_wconf 89' lang='lat' dir='ltr'>per</span> <span class='ocrx_word' id='word_1_34' title='bbox 818 461 919 505; x_wconf 80' lang='lat' dir='ltr'>ipsam</span> <span class='ocrx_word' id='word_1_35' title='bbox 941 460 1046 494; x_wconf 83' lang='lat' dir='ltr'>archi-</span> 
     </span>
     <span class='ocr_line' id='line_1_9' title="bbox 292 513 1053 557; baseline 0 -9"><span class='ocrx_word' id='word_1_36' title='bbox 292 514 591 549; x_wconf 87' lang='lat' dir='ltr'>consraternitatem</span> <span class='ocrx_word' id='word_1_37' title='bbox 616 513 769 557; x_wconf 89' lang='lat' dir='ltr'>illiusque</span> <span class='ocrx_word' id='word_1_38' title='bbox 796 515 957 555; x_wconf 81' lang='lat' dir='ltr'><strong>custodes,</strong></span> <span class='ocrx_word' id='word_1_39' title='bbox 999 526 1053 548; x_wconf 90' lang='lat' dir='ltr'>ca-</span> 
     </span>
     <span class='ocr_line' id='line_1_10' title="bbox 292 567 1043 608; baseline -0.003 -6"><span class='ocrx_word' id='word_1_40' title='bbox 292 567 482 608; x_wconf 88' lang='lat' dir='ltr'>merarium,</span> <span class='ocrx_word' id='word_1_41' title='bbox 504 567 658 600; x_wconf 87' lang='lat' dir='ltr'>officiales</span> <span class='ocrx_word' id='word_1_42' title='bbox 682 572 713 600; x_wconf 91' lang='lat' dir='ltr'>et</span> <span class='ocrx_word' id='word_1_43' title='bbox 743 567 907 601; x_wconf 83' lang='lat' dir='ltr'>ministros</span> <span class='ocrx_word' id='word_1_44' title='bbox 935 579 1043 602; x_wconf 88' lang='lat' dir='ltr'>coram</span> 
     </span>
     <span class='ocr_line' id='line_1_11' title="bbox 294 620 1046 664; baseline -0.001 -9"><span class='ocrx_word' id='word_1_45' title='bbox 294 622 409 656; x_wconf 89' lang='lat' dir='ltr'>eodem</span> <span class='ocrx_word' id='word_1_46' title='bbox 434 620 653 654; x_wconf 77' lang='lat' dir='ltr'>referendario</span> <span class='ocrx_word' id='word_1_47' title='bbox 679 621 825 664; x_wconf 75' lang='lat' dir='ltr'>requisiti</span> <span class='ocrx_word' id='word_1_48' title='bbox 859 621 988 661; x_wconf 83' lang='lat' dir='ltr'>suerint,</span> <span class='ocrx_word' id='word_1_49' title='bbox 1013 627 1046 655; x_wconf 78' lang='lat' dir='ltr'>et,</span> 
     </span>
     <span class='ocr_line' id='line_1_12' title="bbox 292 674 1041 721; baseline -0.003 -12"><span class='ocrx_word' id='word_1_50' title='bbox 292 680 366 721; x_wconf 90' lang='lat' dir='ltr'>post</span> <span class='ocrx_word' id='word_1_51' title='bbox 393 679 583 708; x_wconf 85' lang='lat' dir='ltr'>testatorum</span> <span class='ocrx_word' id='word_1_52' title='bbox 605 674 742 715; x_wconf 81' lang='lat' dir='ltr'>obitum,</span> <span class='ocrx_word' id='word_1_53' title='bbox 764 675 823 707; x_wconf 92' lang='lat' dir='ltr'>sub</span> <span class='ocrx_word' id='word_1_54' title='bbox 847 685 952 719; x_wconf 87' lang='lat' dir='ltr'>poena</span> <span class='ocrx_word' id='word_1_55' title='bbox 971 675 1041 708; x_wconf 82' lang='lat' dir='ltr'>falsi</span> 
     </span>
     <span class='ocr_line' id='line_1_13' title="bbox 293 727 1043 772; baseline -0.003 -9"><span class='ocrx_word' id='word_1_56' title='bbox 293 741 331 763; x_wconf 86' lang='lat' dir='ltr'>ac</span> <span class='ocrx_word' id='word_1_57' title='bbox 348 727 694 762; x_wconf 84' lang='lat' dir='ltr'>excommunicationis</span> <span class='ocrx_word' id='word_1_58' title='bbox 713 728 849 772; x_wconf 86' lang='lat' dir='ltr'>aliisque</span> <span class='ocrx_word' id='word_1_59' title='bbox 879 729 1043 761; x_wconf 72' lang='lat' dir='ltr'>sententiis</span> 
     </span>
     <span class='ocr_line' id='line_1_14' title="bbox 292 781 1044 826; baseline -0.003 -10"><span class='ocrx_word' id='word_1_60' title='bbox 292 788 324 816; x_wconf 90' lang='lat' dir='ltr'>et</span> <span class='ocrx_word' id='word_1_61' title='bbox 345 781 491 816; x_wconf 85' lang='lat' dir='ltr'>censuris</span> <span class='ocrx_word' id='word_1_62' title='bbox 511 781 748 823; x_wconf 87' lang='lat' dir='ltr'>ecclesiasticis,</span> <span class='ocrx_word' id='word_1_63' title='bbox 771 792 807 814; x_wconf 91' lang='lat' dir='ltr'>ac</span> <span class='ocrx_word' id='word_1_64' title='bbox 828 781 923 815; x_wconf 84' lang='lat' dir='ltr'>etiam</span> <span class='ocrx_word' id='word_1_65' title='bbox 944 793 1044 826; x_wconf 86' lang='lat' dir='ltr'>pecu-</span> 
     </span>
     <span class='ocr_line' id='line_1_15' title="bbox 290 835 1052 881; baseline -0.004 -11"><span class='ocrx_word' id='word_1_66' title='bbox 290 836 392 870; x_wconf 84' lang='lat' dir='ltr'>nariis</span> <span class='ocrx_word' id='word_1_67' title='bbox 412 835 540 881; x_wconf 83' lang='lat' dir='ltr'>poenis,</span> <span class='ocrx_word' id='word_1_68' title='bbox 561 846 620 880; x_wconf 89' lang='lat' dir='ltr'>per</span> <span class='ocrx_word' id='word_1_69' title='bbox 635 835 903 869; x_wconf 75' lang='lat' dir='ltr'>contrafacientes</span> <span class='ocrx_word' id='word_1_70' title='bbox 919 845 956 867; x_wconf 89' lang='lat' dir='ltr'>eo</span> <span class='ocrx_word' id='word_1_71' title='bbox 977 835 1052 878; x_wconf 79' lang='lat' dir='ltr'>ipso</span> 
     </span>
     <span class='ocr_line' id='line_1_16' title="bbox 288 889 1043 931; baseline -0.005 -7"><span class='ocrx_word' id='word_1_72' title='bbox 288 889 507 931; x_wconf 65' lang='lat' dir='ltr'>incurrendis,</span> <span class='ocrx_word' id='word_1_73' title='bbox 529 900 566 923; x_wconf 87' lang='lat' dir='ltr'>ac</span> <span class='ocrx_word' id='word_1_74' title='bbox 586 889 719 923; x_wconf 85' lang='lat' dir='ltr'>arbitrio</span> <span class='ocrx_word' id='word_1_75' title='bbox 743 889 1043 922; x_wconf 79' lang='lat' dir='ltr'>eiu-sdemrcl&#39;cren-</span> 
     </span>
     <span class='ocr_line' id='line_1_17' title="bbox 290 942 1044 987; baseline -0.004 -10"><span class='ocrx_word' id='word_1_76' title='bbox 290 943 373 978; x_wconf 88' lang='lat' dir='ltr'>darii</span> <span class='ocrx_word' id='word_1_77' title='bbox 393 943 579 987; x_wconf 83' lang='lat' dir='ltr'>infligendis</span> <span class='ocrx_word' id='word_1_78' title='bbox 599 948 630 977; x_wconf 89' lang='lat' dir='ltr'>et</span> <span class='ocrx_word' id='word_1_79' title='bbox 649 942 856 987; x_wconf 82' lang='lat' dir='ltr'>exequendis,</span> <span class='ocrx_word' id='word_1_80' title='bbox 877 942 981 975; x_wconf 88' lang='lat' dir='ltr'>eidem</span> <span class='ocrx_word' id='word_1_81' title='bbox 993 952 1044 974; x_wconf 86' lang='lat' dir='ltr'>ar-</span> 
     </span>
     <span class='ocr_line' id='line_1_18' title="bbox 293 995 1052 1043; baseline -0.007 -11"><span class='ocrx_word' id='word_1_82' title='bbox 293 996 622 1038; x_wconf 83' lang='lat' dir='ltr'>chiconfraternitati,</span> <span class='ocrx_word' id='word_1_83' title='bbox 648 995 711 1029; x_wconf 91' lang='lat' dir='ltr'>sive</span> <span class='ocrx_word' id='word_1_84' title='bbox 735 996 823 1028; x_wconf 90' lang='lat' dir='ltr'>illius</span> <span class='ocrx_word' id='word_1_85' title='bbox 843 995 1052 1043; x_wconf 61' lang='lat' dir='ltr'>custodibus,</span> 
     </span>
     <span class='ocr_line' id='line_1_19' title="bbox 291 1049 1046 1093; baseline -0.005 -8"><span class='ocrx_word' id='word_1_86' title='bbox 291 1051 484 1093; x_wconf 82' lang='lat' dir='ltr'>camerario,</span> <span class='ocrx_word' id='word_1_87' title='bbox 506 1050 698 1084; x_wconf 88' lang='lat' dir='ltr'>officialibus</span> <span class='ocrx_word' id='word_1_88' title='bbox 722 1060 778 1083; x_wconf 91' lang='lat' dir='ltr'>seu</span> <span class='ocrx_word' id='word_1_89' title='bbox 801 1049 968 1089; x_wconf 82' lang='lat' dir='ltr'>ministris,</span> <span class='ocrx_word' id='word_1_90' title='bbox 991 1060 1046 1081; x_wconf 90' lang='lat' dir='ltr'>so-</span> 
     </span>
     <span class='ocr_line' id='line_1_20' title="bbox 290 1102 1039 1149; baseline -0.007 -10"><span class='ocrx_word' id='word_1_91' title='bbox 290 1108 358 1141; x_wconf 86' lang='lat' dir='ltr'>luta</span> <span class='ocrx_word' id='word_1_92' title='bbox 377 1116 437 1149; x_wconf 88' lang='lat' dir='ltr'>per</span> <span class='ocrx_word' id='word_1_93' title='bbox 456 1105 584 1138; x_wconf 87' lang='lat' dir='ltr'>eosdem</span> <span class='ocrx_word' id='word_1_94' title='bbox 615 1104 776 1143; x_wconf 81' lang='lat' dir='ltr'>custodes,</span> <span class='ocrx_word' id='word_1_95' title='bbox 812 1102 1039 1141; x_wconf 84' lang='lat' dir='ltr'>camerarium,</span> 
     </span>
     <span class='ocr_line' id='line_1_21' title="bbox 291 1156 1055 1201; baseline -0.003 -8"><span class='ocrx_word' id='word_1_96' title='bbox 291 1160 444 1193; x_wconf 86' lang='lat' dir='ltr'>officiales</span> <span class='ocrx_word' id='word_1_97' title='bbox 478 1169 534 1192; x_wconf 90' lang='lat' dir='ltr'>seu</span> <span class='ocrx_word' id='word_1_98' title='bbox 560 1158 724 1191; x_wconf 86' lang='lat' dir='ltr'>ministros</span> <span class='ocrx_word' id='word_1_99' title='bbox 748 1157 825 1201; x_wconf 86' lang='lat' dir='ltr'>ipsis</span> <span class='ocrx_word' id='word_1_100' title='bbox 854 1156 989 1189; x_wconf 82' lang='lat' dir='ltr'>notariis</span> <span class='ocrx_word' id='word_1_101' title='bbox 1009 1167 1025 1186; x_wconf 76' lang='lat' dir='ltr'>e</span> <span class='ocrx_word' id='word_1_102' title='bbox 1046 1163 1055 1191; x_wconf 92' lang='lat' dir='ltr'>t</span> 
     </span>
     <span class='ocr_line' id='line_1_22' title="bbox 288 1210 1041 1255; baseline -0.007 -8"><span class='ocrx_word' id='word_1_103' title='bbox 288 1213 518 1253; x_wconf 73' lang='lat' dir='ltr'>tabellionibus</span> <span class='ocrx_word' id='word_1_104' title='bbox 529 1212 690 1251; x_wconf 87' lang='lat' dir='ltr'>mercede,</span> <span class='ocrx_word' id='word_1_105' title='bbox 703 1222 761 1255; x_wconf 89' lang='lat' dir='ltr'>pro</span> <span class='ocrx_word' id='word_1_106' title='bbox 774 1210 1041 1255; x_wconf 82' lang='lat' dir='ltr'>scripturaipsius</span> 
     </span>
     <span class='ocr_line' id='line_1_23' title="bbox 290 1264 1040 1312; baseline -0.007 -12"><span class='ocrx_word' id='word_1_107' title='bbox 290 1267 403 1312; x_wconf 66' lang='lat' dir='ltr'>copiae</span> <span class='ocrx_word' id='word_1_108' title='bbox 428 1266 631 1300; x_wconf 82' lang='lat' dir='ltr'>authenticae</span> <span class='ocrx_word' id='word_1_109' title='bbox 666 1276 721 1298; x_wconf 90' lang='lat' dir='ltr'>seu</span> <span class='ocrx_word' id='word_1_110' title='bbox 748 1264 951 1298; x_wconf 82' lang='lat' dir='ltr'>instrumenti</span> <span class='ocrx_word' id='word_1_111' title='bbox 983 1275 1040 1307; x_wconf 88' lang='lat' dir='ltr'>pu-</span> 
     </span>
     <span class='ocr_line' id='line_1_24' title="bbox 290 1318 1044 1361; baseline -0.005 -7"><span class='ocrx_word' id='word_1_112' title='bbox 290 1321 366 1359; x_wconf 77' lang='lat' dir='ltr'>blici</span> <span class='ocrx_word' id='word_1_113' title='bbox 387 1325 523 1361; x_wconf 88' lang='lat' dir='ltr'>tantum,</span> <span class='ocrx_word' id='word_1_114' title='bbox 544 1319 631 1353; x_wconf 91' lang='lat' dir='ltr'>omni</span> <span class='ocrx_word' id='word_1_115' title='bbox 653 1329 744 1352; x_wconf 88' lang='lat' dir='ltr'>mora</span> <span class='ocrx_word' id='word_1_116' title='bbox 763 1324 795 1351; x_wconf 89' lang='lat' dir='ltr'>et</span> <span class='ocrx_word' id='word_1_117' title='bbox 814 1318 968 1351; x_wconf 86' lang='lat' dir='ltr'>dilatione</span> <span class='ocrx_word' id='word_1_118' title='bbox 990 1322 1044 1350; x_wconf 82' lang='lat' dir='ltr'>aut</span> 
     </span>
     <span class='ocr_line' id='line_1_25' title="bbox 291 1373 1043 1418; baseline -0.005 -10"><span class='ocrx_word' id='word_1_119' title='bbox 291 1375 492 1418; x_wconf 77' lang='lat' dir='ltr'>subterfugio</span> <span class='ocrx_word' id='word_1_120' title='bbox 524 1373 734 1413; x_wconf 79' lang='lat' dir='ltr'>cessantibus,</span> <span class='ocrx_word' id='word_1_121' title='bbox 766 1383 802 1405; x_wconf 92' lang='lat' dir='ltr'>ac</span> <span class='ocrx_word' id='word_1_122' title='bbox 837 1382 1043 1416; x_wconf 85' lang='lat' dir='ltr'>quacumque</span> 
     </span>
     <span class='ocr_line' id='line_1_26' title="bbox 292 1425 1055 1473; baseline -0.007 -11"><span class='ocrx_word' id='word_1_123' title='bbox 292 1428 510 1473; x_wconf 79' lang='lat' dir='ltr'>appellatione</span> <span class='ocrx_word' id='word_1_124' title='bbox 530 1439 587 1461; x_wconf 90' lang='lat' dir='ltr'>seu</span> <span class='ocrx_word' id='word_1_125' title='bbox 607 1438 742 1461; x_wconf 87' lang='lat' dir='ltr'>recursu</span> <span class='ocrx_word' id='word_1_126' title='bbox 763 1425 1055 1471; x_wconf 83' lang='lat' dir='ltr'>postpositis,rea-</span> 
     </span>
     <span class='ocr_line' id='line_1_27' title="bbox 291 1478 1045 1522; baseline -0.008 -6"><span class='ocrx_word' id='word_1_127' title='bbox 291 1483 368 1516; x_wconf 84' lang='lat' dir='ltr'>liter</span> <span class='ocrx_word' id='word_1_128' title='bbox 388 1487 419 1515; x_wconf 86' lang='lat' dir='ltr'>et</span> <span class='ocrx_word' id='word_1_129' title='bbox 434 1492 507 1515; x_wconf 92' lang='lat' dir='ltr'>cum</span> <span class='ocrx_word' id='word_1_130' title='bbox 519 1481 646 1521; x_wconf 80' lang='lat' dir='ltr'>effectu,</span> <span class='ocrx_word' id='word_1_131' title='bbox 666 1491 702 1513; x_wconf 84' lang='lat' dir='ltr'>ac</span> <span class='ocrx_word' id='word_1_132' title='bbox 718 1480 785 1513; x_wconf 89' lang='lat' dir='ltr'>sine</span> <span class='ocrx_word' id='word_1_133' title='bbox 801 1479 910 1522; x_wconf 89' lang='lat' dir='ltr'>aliqua</span> <span class='ocrx_word' id='word_1_134' title='bbox 920 1478 1045 1519; x_wconf 86' lang='lat' dir='ltr'>fraude,</span> 
     </span>
     <span class='ocr_line' id='line_1_28' title="bbox 296 1532 1049 1575; baseline -0.005 -7"><span class='ocrx_word' id='word_1_135' title='bbox 296 1536 452 1575; x_wconf 90' lang='lat' dir='ltr'>dandum,</span> <span class='ocrx_word' id='word_1_136' title='bbox 486 1535 680 1568; x_wconf 88' lang='lat' dir='ltr'>tradendum</span> <span class='ocrx_word' id='word_1_137' title='bbox 710 1539 740 1567; x_wconf 93' lang='lat' dir='ltr'>et</span> <span class='ocrx_word' id='word_1_138' title='bbox 775 1532 1049 1575; x_wconf 75' lang='lat' dir='ltr'>consignandum,</span> 
     </span>
     <span class='ocr_line' id='line_1_29' title="bbox 297 1586 1056 1629; baseline -0.005 -7"><span class='ocrx_word' id='word_1_139' title='bbox 297 1589 486 1622; x_wconf 88' lang='lat' dir='ltr'>auctoritate</span> <span class='ocrx_word' id='word_1_140' title='bbox 518 1593 627 1621; x_wconf 89' lang='lat' dir='ltr'>nostra</span> <span class='ocrx_word' id='word_1_141' title='bbox 658 1593 799 1627; x_wconf 89' lang='lat' dir='ltr'>moneat,</span> <span class='ocrx_word' id='word_1_142' title='bbox 831 1586 1056 1629; x_wconf 88' lang='lat' dir='ltr'>omnibusque</span> 
     </span>
     <span class='ocr_line' id='line_1_30' title="bbox 298 1638 1057 1685; baseline -0.005 -10"><span class='ocrx_word' id='word_1_143' title='bbox 298 1643 359 1675; x_wconf 88' lang='lat' dir='ltr'>sibi</span> <span class='ocrx_word' id='word_1_144' title='bbox 380 1642 454 1675; x_wconf 81' lang='lat' dir='ltr'>visis</span> <span class='ocrx_word' id='word_1_145' title='bbox 478 1641 630 1675; x_wconf 87' lang='lat' dir='ltr'>remediis</span> <span class='ocrx_word' id='word_1_146' title='bbox 651 1640 856 1685; x_wconf 85' lang='lat' dir='ltr'>opportunis,</span> <span class='ocrx_word' id='word_1_147' title='bbox 878 1650 982 1682; x_wconf 88' lang='lat' dir='ltr'>usque</span> <span class='ocrx_word' id='word_1_148' title='bbox 1013 1638 1057 1671; x_wconf 87' lang='lat' dir='ltr'>ad</span> 
     </span>
     <span class='ocr_line' id='line_1_31' title="bbox 301 1695 1057 1739; baseline -0.005 -10"><span class='ocrx_word' id='word_1_149' title='bbox 301 1696 521 1729; x_wconf 87' lang='lat' dir='ltr'>omnimodam</span> <span class='ocrx_word' id='word_1_150' title='bbox 538 1695 745 1739; x_wconf 85' lang='lat' dir='ltr'>paritionem,</span> <span class='ocrx_word' id='word_1_151' title='bbox 757 1699 849 1737; x_wconf 80' lang='lat' dir='ltr'>cogat</span> <span class='ocrx_word' id='word_1_152' title='bbox 861 1699 957 1737; x_wconf 87' lang='lat' dir='ltr'>atque</span> <span class='ocrx_word' id='word_1_153' title='bbox 966 1702 1057 1726; x_wconf 90' lang='lat' dir='ltr'>com-</span> 
     </span>
     <span class='ocr_line' id='line_1_32' title="bbox 302 1750 413 1794; baseline -0.009 -11"><span class='ocrx_word' id='word_1_154' title='bbox 302 1750 413 1794; x_wconf 87' lang='lat' dir='ltr'>pellat.</span> 
     </span>
    </p>

    <p class='ocr_par' dir='ltr' id='par_1_4' title="bbox 305 1799 1065 2382">
     <span class='ocr_line' id='line_1_33' title="bbox 348 1799 1057 1847; baseline -0.006 -11"><span class='ocrx_word' id='word_1_155' title='bbox 348 1801 440 1847; x_wconf 65' lang='grc' dir='ltr'><strong>ξ’16.</strong></span> <span class='ocrx_word' id='word_1_156' title='bbox 472 1802 541 1835; x_wconf 91' lang='lat' dir='ltr'>Non</span> <span class='ocrx_word' id='word_1_157' title='bbox 579 1801 779 1834; x_wconf 77' lang='lat' dir='ltr'>obstantibus</span> <span class='ocrx_word' id='word_1_158' title='bbox 807 1799 990 1844; x_wconf 83' lang='lat' dir='ltr'>praemissis</span> <span class='ocrx_word' id='word_1_159' title='bbox 1019 1810 1057 1832; x_wconf 91' lang='lat' dir='ltr'>ac</span> 
     </span>
     <span class='ocr_line' id='line_1_34' title="bbox 305 1853 1055 1896; baseline -0.007 -6"><span class='ocrx_word' id='word_1_160' title='bbox 305 1856 408 1890; x_wconf 79' lang='lat' dir='ltr'>felicis</span> <span class='ocrx_word' id='word_1_161' title='bbox 426 1854 660 1889; x_wconf 86' lang='lat' dir='ltr'>recordationis</span> <span class='ocrx_word' id='word_1_162' title='bbox 681 1854 834 1887; x_wconf 82' lang='lat' dir='ltr'>Bonifacii</span> <span class='ocrx_word' id='word_1_163' title='bbox 856 1854 960 1896; x_wconf 82' lang='lat' dir='ltr'>Papae</span> <span class='ocrx_word' id='word_1_164' title='bbox 978 1853 1055 1892; x_wconf 83' lang='lat' dir='ltr'>Vlll</span> 
     </span>
     <span class='ocr_line' id='line_1_35' title="bbox 308 1907 1057 1955; baseline -0.007 -11"><span class='ocrx_word' id='word_1_165' title='bbox 308 1909 566 1955; x_wconf 85' lang='lat' dir='ltr'>praedecessoris</span> <span class='ocrx_word' id='word_1_166' title='bbox 585 1908 699 1949; x_wconf 81' lang='lat' dir='ltr'>nostti,</span> <span class='ocrx_word' id='word_1_167' title='bbox 722 1908 760 1940; x_wconf 92' lang='lat' dir='ltr'>de</span> <span class='ocrx_word' id='word_1_168' title='bbox 781 1917 856 1947; x_wconf 87' lang='lat' dir='ltr'>una,</span> <span class='ocrx_word' id='word_1_169' title='bbox 878 1913 908 1940; x_wconf 89' lang='lat' dir='ltr'>et</span> <span class='ocrx_word' id='word_1_170' title='bbox 928 1907 1057 1939; x_wconf 86' lang='lat' dir='ltr'>concilii</span> 
     </span>
     <span class='ocr_line' id='line_1_36' title="bbox 307 1961 1058 2007; baseline -0.005 -10"><span class='ocrx_word' id='word_1_171' title='bbox 307 1963 466 2007; x_wconf 73' lang='lat' dir='ltr'>generalis</span> <span class='ocrx_word' id='word_1_172' title='bbox 492 1963 530 1995; x_wconf 90' lang='lat' dir='ltr'>de</span> <span class='ocrx_word' id='word_1_173' title='bbox 564 1962 689 1994; x_wconf 75' lang='lat' dir='ltr'>duabus·</span> <span class='ocrx_word' id='word_1_174' title='bbox 714 1961 844 2001; x_wconf 81' lang='lat' dir='ltr'>diaetis,</span> <span class='ocrx_word' id='word_1_175' title='bbox 881 1961 1058 1993; x_wconf 89' lang='lat' dir='ltr'>dummodo</span> 
     </span>
     <span class='ocr_line' id='line_1_37' title="bbox 307 2015 1060 2059; baseline -0.004 -9"><span class='ocrx_word' id='word_1_176' title='bbox 307 2019 393 2051; x_wconf 84' lang='lat' dir='ltr'>ultra</span> <span class='ocrx_word' id='word_1_177' title='bbox 412 2023 476 2050; x_wconf 90' lang='lat' dir='ltr'>tres</span> <span class='ocrx_word' id='word_1_178' title='bbox 492 2016 612 2050; x_wconf 84' lang='lat' dir='ltr'>diaetas</span> <span class='ocrx_word' id='word_1_179' title='bbox 630 2015 958 2059; x_wconf 84' lang='lat' dir='ltr'>aliquis,auctoritate</span> <span class='ocrx_word' id='word_1_180' title='bbox 967 2025 1060 2058; x_wconf 86' lang='lat' dir='ltr'>prae-</span> 
     </span>
     <span class='ocr_line' id='line_1_38' title="bbox 309 2068 1059 2110; baseline -0.007 -5"><span class='ocrx_word' id='word_1_181' title='bbox 309 2071 509 2110; x_wconf 87' lang='lat' dir='ltr'>sentium‚ad</span> <span class='ocrx_word' id='word_1_182' title='bbox 535 2069 690 2103; x_wconf 88' lang='lat' dir='ltr'>iudicium</span> <span class='ocrx_word' id='word_1_183' title='bbox 709 2079 774 2102; x_wconf 90' lang='lat' dir='ltr'>non</span> <span class='ocrx_word' id='word_1_184' title='bbox 791 2069 948 2109; x_wconf 84' lang='lat' dir='ltr'>trahatur,</span> <span class='ocrx_word' id='word_1_185' title='bbox 971 2068 1059 2101; x_wconf 89' lang='lat' dir='ltr'>aliis-</span> 
     </span>
     <span class='ocr_line' id='line_1_39' title="bbox 310 2122 1060 2168; baseline -0.005 -10"><span class='ocrx_word' id='word_1_186' title='bbox 310 2137 373 2168; x_wconf 85' lang='lat' dir='ltr'>que</span> <span class='ocrx_word' id='word_1_187' title='bbox 394 2122 678 2166; x_wconf 75' lang='lat' dir='ltr'>constitutiQnibus</span> <span class='ocrx_word' id='word_1_188' title='bbox 698 2129 725 2156; x_wconf 89' lang='lat' dir='ltr'>et</span> <span class='ocrx_word' id='word_1_189' title='bbox 748 2122 1007 2155; x_wconf 83' lang='lat' dir='ltr'>ordinationibus</span> <span class='ocrx_word' id='word_1_190' title='bbox 1027 2132 1060 2154; x_wconf 85' lang='lat' dir='ltr'>a-</span> 
     </span>
     <span class='ocr_line' id='line_1_40' title="bbox 309 2177 1062 2224; baseline -0.004 -13"><span class='ocrx_word' id='word_1_191' title='bbox 309 2178 487 2224; x_wconf 78' lang='lat' dir='ltr'>postolicis;</span> <span class='ocrx_word' id='word_1_192' title='bbox 505 2188 630 2210; x_wconf 77' lang='lat' dir='ltr'>necnon</span> <span class='ocrx_word' id='word_1_193' title='bbox 658 2177 797 2210; x_wconf 82' lang='lat' dir='ltr'>fabricae</span> <span class='ocrx_word' id='word_1_194' title='bbox 818 2177 999 2220; x_wconf 86' lang='lat' dir='ltr'>praedictae</span> <span class='ocrx_word' id='word_1_195' title='bbox 1025 2186 1062 2208; x_wconf 90' lang='lat' dir='ltr'>ac</span> 
     </span>
     <span class='ocr_line' id='line_1_41' title="bbox 310 2230 1060 2277; baseline -0.005 -11"><span class='ocrx_word' id='word_1_196' title='bbox 310 2243 536 2277; x_wconf 87' lang='lat' dir='ltr'>personarum,</span> <span class='ocrx_word' id='word_1_197' title='bbox 565 2231 823 2271; x_wconf 79' lang='lat' dir='ltr'>universitatum,</span> <span class='ocrx_word' id='word_1_198' title='bbox 859 2230 1060 2270; x_wconf 84' lang='lat' dir='ltr'>societatum,</span> 
     </span>
     <span class='ocr_line' id='line_1_42' title="bbox 312 2285 1063 2329; baseline -0.004 -10"><span class='ocrx_word' id='word_1_199' title='bbox 312 2286 612 2329; x_wconf 73' lang='lat' dir='ltr'>congregationum,</span> <span class='ocrx_word' id='word_1_200' title='bbox 650 2285 875 2328; x_wconf 72' lang='lat' dir='ltr'>collegiorum,</span> <span class='ocrx_word' id='word_1_201' title='bbox 906 2289 1063 2317; x_wconf 77' lang='lat' dir='ltr'>monaste-</span> 
     </span>
     <span class='ocr_line' id='line_1_43' title="bbox 312 2337 1065 2382; baseline -0.003 -10"><span class='ocrx_word' id='word_1_202' title='bbox 312 2340 435 2372; x_wconf 81' lang='lat' dir='ltr'>riorum</span> <span class='ocrx_word' id='word_1_203' title='bbox 453 2345 483 2373; x_wconf 89' lang='lat' dir='ltr'>ct</span> <span class='ocrx_word' id='word_1_204' title='bbox 492 2337 896 2382; x_wconf 89' lang='lat' dir='ltr'>hospitaliumhuiusmodi</span> <span class='ocrx_word' id='word_1_205' title='bbox 913 2337 1065 2371; x_wconf 87' lang='lat' dir='ltr'>aliorum-</span> 
     </span>
    </p>
   </div>
   <div class='ocr_carea' id='block_1_4' title="bbox 315 2392 1068 2631">
    <p class='ocr_par' dir='ltr' id='par_1_5' title="bbox 315 2392 1068 2631">
     <span class='ocr_line' id='line_1_44' title="bbox 315 2392 1065 2436; baseline -0.001 -12"><span class='ocrx_word' id='word_1_206' title='bbox 315 2404 376 2435; x_wconf 74' lang='lat' dir='ltr'>que</span> <span class='ocrx_word' id='word_1_207' title='bbox 400 2403 684 2436; x_wconf 79' lang='lat' dir='ltr'>quorumcumque</span> <span class='ocrx_word' id='word_1_208' title='bbox 711 2392 839 2436; x_wconf 86' lang='lat' dir='ltr'>piorum</span> <span class='ocrx_word' id='word_1_209' title='bbox 859 2393 1006 2425; x_wconf 89' lang='lat' dir='ltr'>locorum</span> <span class='ocrx_word' id='word_1_210' title='bbox 1035 2396 1065 2424; x_wconf 83' lang='lat' dir='ltr'>et</span> 
     </span>
     <span class='ocr_line' id='line_1_45' title="bbox 318 2440 1065 2484; baseline 0 -12"><span class='ocrx_word' id='word_1_211' title='bbox 318 2443 488 2481; x_wconf 48' lang='lat' dir='ltr'>(Matinum,</span> <span class='ocrx_word' id='word_1_212' title='bbox 511 2442 607 2475; x_wconf 89' lang='lat' dir='ltr'>etiam</span> <span class='ocrx_word' id='word_1_213' title='bbox 628 2447 851 2484; x_wconf 80' lang='lat' dir='ltr'>exemptorum</span> <span class='ocrx_word' id='word_1_214' title='bbox 862 2452 898 2474; x_wconf 90' lang='lat' dir='ltr'>ac</span> <span class='ocrx_word' id='word_1_215' title='bbox 909 2440 1065 2484; x_wconf 82' lang='lat' dir='ltr'>qualiter-</span> 
     </span>
     <span class='ocr_line' id='line_1_46' title="bbox 317 2490 1063 2534; baseline 0 -13"><span class='ocrx_word' id='word_1_216' title='bbox 317 2501 456 2533; x_wconf 79' lang='lat' dir='ltr'>cumque</span> <span class='ocrx_word' id='word_1_217' title='bbox 469 2490 858 2534; x_wconf 77' lang='lat' dir='ltr'>privilegiatorum,etiam</span> <span class='ocrx_word' id='word_1_218' title='bbox 870 2490 1063 2529; x_wconf 86' lang='lat' dir='ltr'>iuramento,</span> 
     </span>
     <span class='ocr_line' id='line_1_47' title="bbox 319 2538 1068 2578; baseline 0.003 -10"><span class='ocrx_word' id='word_1_219' title='bbox 319 2543 375 2570; x_wconf 68' lang='lat' dir='ltr'>etr.</span> <span class='ocrx_word' id='word_1_220' title='bbox 407 2539 580 2578; x_wconf 85' lang='lat' dir='ltr'>roboratis,</span> <span class='ocrx_word' id='word_1_221' title='bbox 613 2540 738 2572; x_wconf 87' lang='lat' dir='ltr'>statutis</span> <span class='ocrx_word' id='word_1_222' title='bbox 767 2545 798 2572; x_wconf 91' lang='lat' dir='ltr'>et</span> <span class='ocrx_word' id='word_1_223' title='bbox 825 2538 1068 2572; x_wconf 87' lang='lat' dir='ltr'>consuetudini-</span> 
     </span>
     <span class='ocr_line' id='line_1_48' title="bbox 320 2587 1067 2631; baseline 0.004 -14"><span class='ocrx_word' id='word_1_224' title='bbox 320 2587 402 2622; x_wconf 74' lang='lat' dir='ltr'>lms:</span> <span class='ocrx_word' id='word_1_225' title='bbox 429 2588 601 2631; x_wconf 68' lang='lat' dir='ltr'>privilegiis</span> <span class='ocrx_word' id='word_1_226' title='bbox 634 2599 775 2631; x_wconf 88' lang='lat' dir='ltr'>quoque,</span> <span class='ocrx_word' id='word_1_227' title='bbox 812 2587 955 2627; x_wconf 48' lang='lat' dir='ltr'>indultis</span> <span class='ocrx_word' id='word_1_228' title='bbox 993 2598 1067 2620; x_wconf 86' lang='lat' dir='ltr'>con-</span> 
     </span>
    </p>
   </div>
   <div class='ocr_carea' id='block_1_5' title="bbox 1081 2278 1086 2330">
    <p class='ocr_par' dir='ltr' id='par_1_6' title="bbox 1081 2278 1086 2330">
     <span class='ocr_line' id='line_1_49' title="bbox 1081 2278 1086 2330; baseline 0 0"><span class='ocrx_word' id='word_1_229' title='bbox 1081 2278 1086 2330; x_wconf 82' lang='lat' dir='ltr'>l</span> 
     </span>
    </p>
   </div>
   <div class='ocr_carea' id='block_1_6' title="bbox 1077 1846 1088 2535">
    <p class='ocr_par' dir='ltr' id='par_1_7' title="bbox 1077 1846 1088 2535">
     <span class='ocr_line' id='line_1_50' title="bbox 1077 1846 1088 2535; baseline 0 0"><span class='ocrx_word' id='word_1_230' title='bbox 1077 1846 1088 2535; x_wconf 95' lang='lat' dir='ltr'> </span> 
     </span>
    </p>
   </div>
   <div class='ocr_carea' id='block_1_7' title="bbox 888 247 1234 272">
    <p class='ocr_par' dir='ltr' id='par_1_8' title="bbox 888 247 1234 272">
     <span class='ocr_line' id='line_1_51' title="bbox 888 247 1234 272; baseline 0 -1"><span class='ocrx_word' id='word_1_231' title='bbox 888 247 1066 272; x_wconf 68' lang='lat' dir='ltr'>BULLARIUM</span> <span class='ocrx_word' id='word_1_232' title='bbox 1086 247 1234 271; x_wconf 75' lang='lat' dir='ltr'><strong>ROMANUM</strong></span> 
     </span>
    </p>
   </div>
   <div class='ocr_carea' id='block_1_8' title="bbox 1095 298 1852 2379">
    <p class='ocr_par' dir='ltr' id='par_1_9' title="bbox 1095 298 1852 2379">
     <span class='ocr_line' id='line_1_52' title="bbox 1096 298 1842 346; baseline 0.003 -14"><span class='ocrx_word' id='word_1_233' title='bbox 1096 298 1229 340; x_wconf 86' lang='lat' dir='ltr'>stolicis,</span> <span class='ocrx_word' id='word_1_234' title='bbox 1251 298 1315 332; x_wconf 89' lang='lat' dir='ltr'>illis</span> <span class='ocrx_word' id='word_1_235' title='bbox 1338 308 1374 333; x_wconf 85' lang='lat' dir='ltr'>ac</span> <span class='ocrx_word' id='word_1_236' title='bbox 1394 298 1517 333; x_wconf 87' lang='lat' dir='ltr'>dilectis</span> <span class='ocrx_word' id='word_1_237' title='bbox 1537 299 1610 334; x_wconf 83' lang='lat' dir='ltr'>tiliis</span> <span class='ocrx_word' id='word_1_238' title='bbox 1628 301 1750 346; x_wconf 91' lang='lat' dir='ltr'>populo</span> <span class='ocrx_word' id='word_1_239' title='bbox 1775 301 1842 336; x_wconf 89' lang='lat' dir='ltr'>Ro-</span> 
     </span>
     <span class='ocr_line' id='line_1_53' title="bbox 1097 352 1843 397; baseline 0.007 -12"><span class='ocrx_word' id='word_1_240' title='bbox 1097 363 1205 393; x_wconf 91' lang='lat' dir='ltr'>mano,</span> <span class='ocrx_word' id='word_1_241' title='bbox 1233 363 1359 386; x_wconf 92' lang='lat' dir='ltr'>necnon</span> <span class='ocrx_word' id='word_1_242' title='bbox 1386 352 1557 395; x_wconf 86' lang='lat' dir='ltr'>iudicibus,</span> <span class='ocrx_word' id='word_1_243' title='bbox 1580 355 1725 397; x_wconf 89' lang='lat' dir='ltr'>notariis,</span> <span class='ocrx_word' id='word_1_244' title='bbox 1744 355 1843 390; x_wconf 87' lang='lat' dir='ltr'>tabel-</span> 
     </span>
     <span class='ocr_line' id='line_1_54' title="bbox 1095 405 1842 449; baseline 0.007 -11"><span class='ocrx_word' id='word_1_245' title='bbox 1095 405 1249 446; x_wconf 85' lang='lat' dir='ltr'>lionibus,</span> <span class='ocrx_word' id='word_1_246' title='bbox 1268 406 1368 439; x_wconf 89' lang='lat' dir='ltr'>curiis</span> <span class='ocrx_word' id='word_1_247' title='bbox 1392 417 1446 439; x_wconf 90' lang='lat' dir='ltr'>seu</span> <span class='ocrx_word' id='word_1_248' title='bbox 1465 406 1690 449; x_wconf 89' lang='lat' dir='ltr'>tribunalibus,</span> <span class='ocrx_word' id='word_1_249' title='bbox 1713 419 1842 443; x_wconf 90' lang='lat' dir='ltr'>eorum-</span> 
     </span>
     <span class='ocr_line' id='line_1_55' title="bbox 1096 458 1840 507; baseline 0.007 -16"><span class='ocrx_word' id='word_1_250' title='bbox 1096 469 1158 502; x_wconf 83' lang='lat' dir='ltr'>que</span> <span class='ocrx_word' id='word_1_251' title='bbox 1179 458 1325 502; x_wconf 91' lang='lat' dir='ltr'>personis</span> <span class='ocrx_word' id='word_1_252' title='bbox 1344 464 1375 493; x_wconf 90' lang='lat' dir='ltr'>et</span> <span class='ocrx_word' id='word_1_253' title='bbox 1401 459 1545 502; x_wconf 78' lang='lat' dir='ltr'>collegiis</span> <span class='ocrx_word' id='word_1_254' title='bbox 1569 460 1840 507; x_wconf 89' lang='lat' dir='ltr'>quibuscumque,</span> 
     </span>
     <span class='ocr_line' id='line_1_56' title="bbox 1096 513 1843 560; baseline 0.007 -15"><span class='ocrx_word' id='word_1_255' title='bbox 1096 518 1126 546; x_wconf 91' lang='lat' dir='ltr'>et</span> <span class='ocrx_word' id='word_1_256' title='bbox 1145 513 1308 546; x_wconf 84' lang='lat' dir='ltr'>Romanae</span> <span class='ocrx_word' id='word_1_257' title='bbox 1325 513 1438 547; x_wconf 90' lang='lat' dir='ltr'>Curiae</span> <span class='ocrx_word' id='word_1_258' title='bbox 1455 513 1655 555; x_wconf 84' lang='lat' dir='ltr'>officialibus,</span> <span class='ocrx_word' id='word_1_259' title='bbox 1674 525 1732 558; x_wconf 89' lang='lat' dir='ltr'>per</span> <span class='ocrx_word' id='word_1_260' title='bbox 1745 526 1843 560; x_wconf 88' lang='lat' dir='ltr'>quos-</span> 
     </span>
     <span class='ocr_line' id='line_1_57' title="bbox 1097 567 1843 612; baseline 0.007 -13"><span class='ocrx_word' id='word_1_261' title='bbox 1097 578 1236 610; x_wconf 87' lang='lat' dir='ltr'>cumque</span> <span class='ocrx_word' id='word_1_262' title='bbox 1256 567 1418 601; x_wconf 84' lang='lat' dir='ltr'>Romanos</span> <span class='ocrx_word' id='word_1_263' title='bbox 1437 567 1607 601; x_wconf 84' lang='lat' dir='ltr'>Pontifices</span> <span class='ocrx_word' id='word_1_264' title='bbox 1618 568 1843 612; x_wconf 82' lang='lat' dir='ltr'>praedecesso-</span> 
     </span>
     <span class='ocr_line' id='line_1_58' title="bbox 1097 621 1843 661; baseline 0.005 -9"><span class='ocrx_word' id='word_1_265' title='bbox 1097 631 1147 653; x_wconf 86' lang='lat' dir='ltr'>res</span> <span class='ocrx_word' id='word_1_266' title='bbox 1171 624 1297 654; x_wconf 88' lang='lat' dir='ltr'>nostros</span> <span class='ocrx_word' id='word_1_267' title='bbox 1317 631 1353 654; x_wconf 85' lang='lat' dir='ltr'>ac</span> <span class='ocrx_word' id='word_1_268' title='bbox 1369 631 1428 654; x_wconf 90' lang='lat' dir='ltr'>nos</span> <span class='ocrx_word' id='word_1_269' title='bbox 1440 625 1471 654; x_wconf 89' lang='lat' dir='ltr'>ct</span> <span class='ocrx_word' id='word_1_270' title='bbox 1483 621 1599 654; x_wconf 87' lang='lat' dir='ltr'>dictam</span> <span class='ocrx_word' id='word_1_271' title='bbox 1610 621 1738 661; x_wconf 87' lang='lat' dir='ltr'>Sedem,</span> <span class='ocrx_word' id='word_1_272' title='bbox 1748 622 1843 656; x_wconf 87' lang='lat' dir='ltr'>etiam</span> 
     </span>
     <span class='ocr_line' id='line_1_59' title="bbox 1098 674 1844 719; baseline 0.007 -14"><span class='ocrx_word' id='word_1_273' title='bbox 1098 678 1197 713; x_wconf 90' lang='lat' dir='ltr'>motu,</span> <span class='ocrx_word' id='word_1_274' title='bbox 1232 674 1364 707; x_wconf 89' lang='lat' dir='ltr'>seientia</span> <span class='ocrx_word' id='word_1_275' title='bbox 1397 678 1428 707; x_wconf 89' lang='lat' dir='ltr'>et</span> <span class='ocrx_word' id='word_1_276' title='bbox 1455 674 1621 718; x_wconf 86' lang='lat' dir='ltr'>potestatis</span> <span class='ocrx_word' id='word_1_277' title='bbox 1645 675 1844 719; x_wconf 88' lang='lat' dir='ltr'>plenitudine</span> 
     </span>
     <span class='ocr_line' id='line_1_60' title="bbox 1097 727 1846 772; baseline 0.005 -13"><span class='ocrx_word' id='word_1_278' title='bbox 1097 727 1268 768; x_wconf 89' lang='lat' dir='ltr'>similibus,</span> <span class='ocrx_word' id='word_1_279' title='bbox 1291 738 1328 761; x_wconf 87' lang='lat' dir='ltr'>ac</span> <span class='ocrx_word' id='word_1_280' title='bbox 1347 727 1425 761; x_wconf 90' lang='lat' dir='ltr'>alias</span> <span class='ocrx_word' id='word_1_281' title='bbox 1445 728 1503 761; x_wconf 88' lang='lat' dir='ltr'>sub</span> <span class='ocrx_word' id='word_1_282' title='bbox 1523 728 1783 772; x_wconf 90' lang='lat' dir='ltr'>quibuscumque</span> <span class='ocrx_word' id='word_1_283' title='bbox 1802 734 1846 763; x_wconf 86' lang='lat' dir='ltr'>te·</span> 
     </span>
     <span class='ocr_line' id='line_1_61' title="bbox 1098 780 1846 825; baseline 0.004 -12"><span class='ocrx_word' id='word_1_284' title='bbox 1098 780 1231 814; x_wconf 88' lang='lat' dir='ltr'>noribus</span> <span class='ocrx_word' id='word_1_285' title='bbox 1248 786 1278 814; x_wconf 90' lang='lat' dir='ltr'>et</span> <span class='ocrx_word' id='word_1_286' title='bbox 1294 781 1407 814; x_wconf 89' lang='lat' dir='ltr'>formis</span> <span class='ocrx_word' id='word_1_287' title='bbox 1424 792 1460 814; x_wconf 89' lang='lat' dir='ltr'>ac</span> <span class='ocrx_word' id='word_1_288' title='bbox 1480 792 1555 815; x_wconf 90' lang='lat' dir='ltr'>cum</span> <span class='ocrx_word' id='word_1_289' title='bbox 1575 781 1741 825; x_wconf 90' lang='lat' dir='ltr'>quibusvis</span> <span class='ocrx_word' id='word_1_290' title='bbox 1760 783 1846 816; x_wconf 86' lang='lat' dir='ltr'>clau-</span> 
     </span>
     <span class='ocr_line' id='line_1_62' title="bbox 1097 834 1846 875; baseline 0.005 -9"><span class='ocrx_word' id='word_1_291' title='bbox 1097 834 1175 867; x_wconf 88' lang='lat' dir='ltr'>sulis</span> <span class='ocrx_word' id='word_1_292' title='bbox 1195 839 1226 867; x_wconf 89' lang='lat' dir='ltr'>et</span> <span class='ocrx_word' id='word_1_293' title='bbox 1245 834 1380 867; x_wconf 86' lang='lat' dir='ltr'>decretis</span> <span class='ocrx_word' id='word_1_294' title='bbox 1404 834 1437 867; x_wconf 91' lang='lat' dir='ltr'>in</span> <span class='ocrx_word' id='word_1_295' title='bbox 1457 835 1669 875; x_wconf 84' lang='lat' dir='ltr'>contrarium,</span> <span class='ocrx_word' id='word_1_296' title='bbox 1695 835 1791 869; x_wconf 88' lang='lat' dir='ltr'>etiam</span> <span class='ocrx_word' id='word_1_297' title='bbox 1813 836 1846 870; x_wconf 92' lang='lat' dir='ltr'>in</span> 
     </span>
     <span class='ocr_line' id='line_1_63' title="bbox 1097 887 1844 932; baseline 0.004 -12"><span class='ocrx_word' id='word_1_298' title='bbox 1097 889 1159 920; x_wconf 83' lang='lat' dir='ltr'>vim</span> <span class='ocrx_word' id='word_1_299' title='bbox 1192 892 1379 921; x_wconf 85' lang='lat' dir='ltr'>contractus</span> <span class='ocrx_word' id='word_1_300' title='bbox 1403 892 1459 920; x_wconf 88' lang='lat' dir='ltr'>aut</span> <span class='ocrx_word' id='word_1_301' title='bbox 1485 887 1564 921; x_wconf 87' lang='lat' dir='ltr'>alias</span> <span class='ocrx_word' id='word_1_302' title='bbox 1588 889 1844 932; x_wconf 89' lang='lat' dir='ltr'>quomodolibet,</span> 
     </span>
     <span class='ocr_line' id='line_1_64' title="bbox 1099 940 1846 983; baseline 0.004 -9"><span class='ocrx_word' id='word_1_303' title='bbox 1099 940 1269 982; x_wconf 79' lang='lat' dir='ltr'>concessis,</span> <span class='ocrx_word' id='word_1_304' title='bbox 1294 941 1491 974; x_wconf 85' lang='lat' dir='ltr'>confirmatis</span> <span class='ocrx_word' id='word_1_305' title='bbox 1514 947 1545 975; x_wconf 88' lang='lat' dir='ltr'>et</span> <span class='ocrx_word' id='word_1_306' title='bbox 1572 941 1742 983; x_wconf 90' lang='lat' dir='ltr'>innovatis,</span> <span class='ocrx_word' id='word_1_307' title='bbox 1769 953 1846 977; x_wconf 89' lang='lat' dir='ltr'>nec-</span> 
     </span>
     <span class='ocr_line' id='line_1_65' title="bbox 1099 994 1846 1040; baseline 0.005 -14"><span class='ocrx_word' id='word_1_308' title='bbox 1099 1005 1164 1027; x_wconf 91' lang='lat' dir='ltr'>non</span> <span class='ocrx_word' id='word_1_309' title='bbox 1187 994 1471 1027; x_wconf 83' lang='lat' dir='ltr'>reformationibus</span> <span class='ocrx_word' id='word_1_310' title='bbox 1490 994 1614 1028; x_wconf 91' lang='lat' dir='ltr'>noviter</span> <span class='ocrx_word' id='word_1_311' title='bbox 1632 994 1734 1036; x_wconf 84' lang='lat' dir='ltr'>factis,</span> <span class='ocrx_word' id='word_1_312' title='bbox 1748 1000 1779 1029; x_wconf 90' lang='lat' dir='ltr'>et</span> <span class='ocrx_word' id='word_1_313' title='bbox 1788 1007 1846 1040; x_wconf 85' lang='lat' dir='ltr'>pa-</span> 
     </span>
     <span class='ocr_line' id='line_1_66' title="bbox 1098 1046 1847 1092; baseline 0.004 -12"><span class='ocrx_word' id='word_1_314' title='bbox 1098 1046 1187 1080; x_wconf 88' lang='lat' dir='ltr'>ribus</span> <span class='ocrx_word' id='word_1_315' title='bbox 1206 1053 1297 1080; x_wconf 90' lang='lat' dir='ltr'>motu</span> <span class='ocrx_word' id='word_1_316' title='bbox 1317 1053 1347 1080; x_wconf 92' lang='lat' dir='ltr'>et</span> <span class='ocrx_word' id='word_1_317' title='bbox 1367 1047 1499 1080; x_wconf 88' lang='lat' dir='ltr'>scientia</span> <span class='ocrx_word' id='word_1_318' title='bbox 1524 1048 1718 1092; x_wconf 87' lang='lat' dir='ltr'>approbatis,</span> <span class='ocrx_word' id='word_1_319' title='bbox 1750 1049 1847 1083; x_wconf 90' lang='lat' dir='ltr'>etiam</span> 
     </span>
     <span class='ocr_line' id='line_1_67' title="bbox 1100 1100 1847 1145; baseline 0.003 -12"><span class='ocrx_word' id='word_1_320' title='bbox 1100 1100 1125 1133; x_wconf 90' lang='lat' dir='ltr'>si</span> <span class='ocrx_word' id='word_1_321' title='bbox 1137 1100 1169 1133; x_wconf 91' lang='lat' dir='ltr'>in</span> <span class='ocrx_word' id='word_1_322' title='bbox 1186 1100 1231 1134; x_wconf 90' lang='lat' dir='ltr'>eis</span> <span class='ocrx_word' id='word_1_323' title='bbox 1252 1105 1401 1133; x_wconf 89' lang='lat' dir='ltr'>caveatur</span> <span class='ocrx_word' id='word_1_324' title='bbox 1412 1111 1559 1144; x_wconf 86' lang='lat' dir='ltr'>expresse</span> <span class='ocrx_word' id='word_1_325' title='bbox 1570 1102 1656 1145; x_wconf 90' lang='lat' dir='ltr'>quod</span> <span class='ocrx_word' id='word_1_326' title='bbox 1674 1112 1778 1135; x_wconf 87' lang='lat' dir='ltr'>causae</span> <span class='ocrx_word' id='word_1_327' title='bbox 1787 1102 1847 1135; x_wconf 91' lang='lat' dir='ltr'>hu-</span> 
     </span>
     <span class='ocr_line' id='line_1_68' title="bbox 1099 1153 1845 1200; baseline 0.004 -14"><span class='ocrx_word' id='word_1_328' title='bbox 1099 1154 1238 1188; x_wconf 88' lang='lat' dir='ltr'>iusmodi</span> <span class='ocrx_word' id='word_1_329' title='bbox 1258 1154 1298 1186; x_wconf 85' lang='lat' dir='ltr'>ad</span> <span class='ocrx_word' id='word_1_330' title='bbox 1317 1153 1424 1187; x_wconf 86' lang='lat' dir='ltr'>sorum</span> <span class='ocrx_word' id='word_1_331' title='bbox 1445 1165 1501 1187; x_wconf 88' lang='lat' dir='ltr'>seu</span> <span class='ocrx_word' id='word_1_332' title='bbox 1527 1154 1654 1187; x_wconf 86' lang='lat' dir='ltr'>Curiam</span> <span class='ocrx_word' id='word_1_333' title='bbox 1685 1155 1845 1200; x_wconf 86' lang='lat' dir='ltr'>Capitolii,</span> 
     </span>
     <span class='ocr_line' id='line_1_69' title="bbox 1099 1207 1846 1243; baseline 0.001 -2"><span class='ocrx_word' id='word_1_334' title='bbox 1099 1213 1130 1241; x_wconf 86' lang='lat' dir='ltr'>et</span> <span class='ocrx_word' id='word_1_335' title='bbox 1146 1218 1201 1241; x_wconf 91' lang='lat' dir='ltr'>seu</span> <span class='ocrx_word' id='word_1_336' title='bbox 1221 1207 1377 1241; x_wconf 85' lang='lat' dir='ltr'>auditoris</span> <span class='ocrx_word' id='word_1_337' title='bbox 1396 1208 1499 1241; x_wconf 88' lang='lat' dir='ltr'>dictae</span> <span class='ocrx_word' id='word_1_338' title='bbox 1523 1207 1674 1241; x_wconf 86' lang='lat' dir='ltr'>Camerae</span> <span class='ocrx_word' id='word_1_339' title='bbox 1694 1209 1743 1242; x_wconf 92' lang='lat' dir='ltr'>vel</span> <span class='ocrx_word' id='word_1_340' title='bbox 1762 1209 1846 1243; x_wconf 84' lang='lat' dir='ltr'>vica-</span> 
     </span>
     <span class='ocr_line' id='line_1_70' title="bbox 1099 1261 1846 1296; baseline 0.003 -2"><span class='ocrx_word' id='word_1_341' title='bbox 1099 1261 1137 1294; x_wconf 90' lang='lat' dir='ltr'>rii</span> <span class='ocrx_word' id='word_1_342' title='bbox 1158 1267 1213 1295; x_wconf 88' lang='lat' dir='ltr'>aut</span> <span class='ocrx_word' id='word_1_343' title='bbox 1240 1261 1379 1295; x_wconf 90' lang='lat' dir='ltr'>aliorum</span> <span class='ocrx_word' id='word_1_344' title='bbox 1408 1261 1552 1295; x_wconf 87' lang='lat' dir='ltr'>eiusdem</span> <span class='ocrx_word' id='word_1_345' title='bbox 1579 1261 1674 1295; x_wconf 90' lang='lat' dir='ltr'>Urbis</span> <span class='ocrx_word' id='word_1_346' title='bbox 1703 1262 1846 1296; x_wconf 85' lang='lat' dir='ltr'>tribuna-</span> 
     </span>
     <span class='ocr_line' id='line_1_71' title="bbox 1098 1315 1847 1357; baseline 0.003 -9"><span class='ocrx_word' id='word_1_347' title='bbox 1098 1316 1177 1349; x_wconf 89' lang='lat' dir='ltr'>lium</span> <span class='ocrx_word' id='word_1_348' title='bbox 1205 1315 1362 1349; x_wconf 89' lang='lat' dir='ltr'>reassumi</span> <span class='ocrx_word' id='word_1_349' title='bbox 1390 1315 1539 1357; x_wconf 80' lang='lat' dir='ltr'>debeant,</span> <span class='ocrx_word' id='word_1_350' title='bbox 1567 1327 1603 1349; x_wconf 87' lang='lat' dir='ltr'>ac</span> <span class='ocrx_word' id='word_1_351' title='bbox 1623 1316 1701 1350; x_wconf 89' lang='lat' dir='ltr'>alias</span> <span class='ocrx_word' id='word_1_352' title='bbox 1720 1316 1754 1349; x_wconf 93' lang='lat' dir='ltr'>in</span> <span class='ocrx_word' id='word_1_353' title='bbox 1774 1327 1847 1351; x_wconf 90' lang='lat' dir='ltr'>con-</span> 
     </span>
     <span class='ocr_line' id='line_1_72' title="bbox 1098 1368 1846 1413; baseline 0.003 -12"><span class='ocrx_word' id='word_1_354' title='bbox 1098 1369 1232 1402; x_wconf 88' lang='lat' dir='ltr'>trarium</span> <span class='ocrx_word' id='word_1_355' title='bbox 1254 1368 1506 1413; x_wconf 87' lang='lat' dir='ltr'>praemissorum</span> <span class='ocrx_word' id='word_1_356' title='bbox 1537 1369 1780 1413; x_wconf 89' lang='lat' dir='ltr'>quomodolibet</span> <span class='ocrx_word' id='word_1_357' title='bbox 1797 1369 1846 1403; x_wconf 85' lang='lat' dir='ltr'>di-</span> 
     </span>
     <span class='ocr_line' id='line_1_73' title="bbox 1098 1422 1844 1467; baseline 0.003 -12"><span class='ocrx_word' id='word_1_358' title='bbox 1098 1423 1328 1467; x_wconf 80' lang='lat' dir='ltr'>sponentibus3</span> <span class='ocrx_word' id='word_1_359' title='bbox 1364 1422 1483 1466; x_wconf 89' lang='lat' dir='ltr'>quibus</span> <span class='ocrx_word' id='word_1_360' title='bbox 1515 1422 1678 1464; x_wconf 89' lang='lat' dir='ltr'>omnibus,</span> <span class='ocrx_word' id='word_1_361' title='bbox 1707 1423 1844 1464; x_wconf 83' lang='lat' dir='ltr'>etiamsi,</span> 
     </span>
     <span class='ocr_line' id='line_1_74' title="bbox 1098 1475 1846 1520; baseline 0.001 -11"><span class='ocrx_word' id='word_1_362' title='bbox 1098 1487 1157 1520; x_wconf 91' lang='lat' dir='ltr'>pro</span> <span class='ocrx_word' id='word_1_363' title='bbox 1178 1476 1307 1509; x_wconf 91' lang='lat' dir='ltr'>illorum</span> <span class='ocrx_word' id='word_1_364' title='bbox 1325 1475 1494 1509; x_wconf 85' lang='lat' dir='ltr'>sufficienti</span> <span class='ocrx_word' id='word_1_365' title='bbox 1515 1476 1735 1520; x_wconf 79' lang='lat' dir='ltr'>derogatione,</span> <span class='ocrx_word' id='word_1_366' title='bbox 1754 1477 1793 1510; x_wconf 90' lang='lat' dir='ltr'>de</span> <span class='ocrx_word' id='word_1_367' title='bbox 1808 1477 1846 1510; x_wconf 87' lang='lat' dir='ltr'>it-</span> 
     </span>
     <span class='ocr_line' id='line_1_75' title="bbox 1098 1530 1843 1574; baseline 0.001 -11"><span class='ocrx_word' id='word_1_368' title='bbox 1098 1531 1137 1563; x_wconf 90' lang='lat' dir='ltr'>lis</span> <span class='ocrx_word' id='word_1_369' title='bbox 1170 1541 1349 1573; x_wconf 87' lang='lat' dir='ltr'>eorumque</span> <span class='ocrx_word' id='word_1_370' title='bbox 1380 1530 1456 1563; x_wconf 86' lang='lat' dir='ltr'>totis</span> <span class='ocrx_word' id='word_1_371' title='bbox 1483 1530 1649 1563; x_wconf 89' lang='lat' dir='ltr'>tenoribus</span> <span class='ocrx_word' id='word_1_372' title='bbox 1686 1530 1843 1574; x_wconf 85' lang='lat' dir='ltr'>specialis,</span> 
     </span>
     <span class='ocr_line' id='line_1_76' title="bbox 1098 1583 1845 1628; baseline 0 -12"><span class='ocrx_word' id='word_1_373' title='bbox 1098 1584 1259 1628; x_wconf 82' lang='lat' dir='ltr'>specifica,</span> <span class='ocrx_word' id='word_1_374' title='bbox 1283 1594 1431 1628; x_wconf 83' lang='lat' dir='ltr'>expressa</span> <span class='ocrx_word' id='word_1_375' title='bbox 1451 1589 1482 1616; x_wconf 88' lang='lat' dir='ltr'>et</span> <span class='ocrx_word' id='word_1_376' title='bbox 1501 1583 1666 1617; x_wconf 86' lang='lat' dir='ltr'>individua</span> <span class='ocrx_word' id='word_1_377' title='bbox 1679 1584 1762 1617; x_wconf 84' lang='lat' dir='ltr'>aede</span> <span class='ocrx_word' id='word_1_378' title='bbox 1774 1595 1845 1618; x_wconf 89' lang='lat' dir='ltr'>ver-</span> 
     </span>
     <span class='ocr_line' id='line_1_77' title="bbox 1098 1637 1842 1681; baseline 0 -10"><span class='ocrx_word' id='word_1_379' title='bbox 1098 1638 1138 1671; x_wconf 88' lang='lat' dir='ltr'>bo</span> <span class='ocrx_word' id='word_1_380' title='bbox 1159 1638 1198 1670; x_wconf 88' lang='lat' dir='ltr'>ad</span> <span class='ocrx_word' id='word_1_381' title='bbox 1219 1637 1365 1677; x_wconf 84' lang='lat' dir='ltr'>verbum,</span> <span class='ocrx_word' id='word_1_382' title='bbox 1394 1642 1426 1670; x_wconf 91' lang='lat' dir='ltr'>et</span> <span class='ocrx_word' id='word_1_383' title='bbox 1454 1637 1536 1670; x_wconf 89' lang='lat' dir='ltr'>nihil</span> <span class='ocrx_word' id='word_1_384' title='bbox 1562 1637 1689 1681; x_wconf 88' lang='lat' dir='ltr'>penitus</span> <span class='ocrx_word' id='word_1_385' title='bbox 1713 1637 1842 1680; x_wconf 89' lang='lat' dir='ltr'>omisso,</span> 
     </span>
     <span class='ocr_line' id='line_1_78' title="bbox 1099 1691 1846 1753; baseline -0.001 -28"><span class='ocrx_word' id='word_1_386' title='bbox 1099 1702 1163 1725; x_wconf 91' lang='lat' dir='ltr'>non</span> <span class='ocrx_word' id='word_1_387' title='bbox 1181 1702 1238 1734; x_wconf 82' lang='lat' dir='ltr'>pet</span> <span class='ocrx_word' id='word_1_388' title='bbox 1255 1691 1414 1724; x_wconf 86' lang='lat' dir='ltr'>clausulas</span> <span class='ocrx_word' id='word_1_389' title='bbox 1433 1701 1542 1734; x_wconf 81' lang='lat' dir='ltr'>gener</span> <span class='ocrx_word' id='word_1_390' title='bbox 1534 1691 1599 1724; x_wconf 88' lang='lat' dir='ltr'>ales</span> <span class='ocrx_word' id='word_1_391' title='bbox 1619 1691 1703 1728; x_wconf 88' lang='lat' dir='ltr'>idern</span> <span class='ocrx_word' id='word_1_392' title='bbox 1723 1691 1846 1753; x_wconf 90' lang='lat' dir='ltr'>impor-</span> 
     </span>
     <span class='ocr_line' id='line_1_79' title="bbox 1099 1730 1846 1789; baseline 0 -11"><span class='ocrx_word' id='word_1_393' title='bbox 1099 1750 1214 1786; x_wconf 86' lang='lat' dir='ltr'>tantes,</span> <span class='ocrx_word' id='word_1_394' title='bbox 1241 1744 1362 1778; x_wconf 89' lang='lat' dir='ltr'>mentio</span> <span class='ocrx_word' id='word_1_395' title='bbox 1382 1755 1438 1778; x_wconf 90' lang='lat' dir='ltr'>seu</span> <span class='ocrx_word' id='word_1_396' title='bbox 1458 1743 1587 1788; x_wconf 87' lang='lat' dir='ltr'>quaevis</span> <span class='ocrx_word' id='word_1_397' title='bbox 1607 1744 1669 1777; x_wconf 89' lang='lat' dir='ltr'>alia</span> <span class='ocrx_word' id='word_1_398' title='bbox 1684 1730 1846 1789; x_wconf 82' lang='lat' dir='ltr'>expressio</span> 
     </span>
     <span class='ocr_line' id='line_1_80' title="bbox 1098 1798 1848 1842; baseline -0.001 -10"><span class='ocrx_word' id='word_1_399' title='bbox 1098 1800 1127 1832; x_wconf 87' lang='lat' dir='ltr'>h·</span> <span class='ocrx_word' id='word_1_400' title='bbox 1123 1799 1256 1840; x_wconf 69' lang='lat' dir='ltr'>menda,</span> <span class='ocrx_word' id='word_1_401' title='bbox 1277 1804 1332 1832; x_wconf 87' lang='lat' dir='ltr'>aut</span> <span class='ocrx_word' id='word_1_402' title='bbox 1351 1798 1458 1842; x_wconf 88' lang='lat' dir='ltr'>aliqua</span> <span class='ocrx_word' id='word_1_403' title='bbox 1478 1798 1540 1831; x_wconf 88' lang='lat' dir='ltr'>alia</span> <span class='ocrx_word' id='word_1_404' title='bbox 1560 1798 1716 1842; x_wconf 83' lang='lat' dir='ltr'>exquisita</span> <span class='ocrx_word' id='word_1_405' title='bbox 1744 1798 1848 1832; x_wconf 86' lang='lat' dir='ltr'>forma</span> 
     </span>
     <span class='ocr_line' id='line_1_81' title="bbox 1099 1851 1846 1893; baseline -0.001 -7"><span class='ocrx_word' id='word_1_406' title='bbox 1099 1853 1138 1886; x_wconf 86' lang='lat' dir='ltr'>ad</span> <span class='ocrx_word' id='word_1_407' title='bbox 1158 1853 1220 1886; x_wconf 88' lang='lat' dir='ltr'>hoc</span> <span class='ocrx_word' id='word_1_408' title='bbox 1247 1852 1399 1886; x_wconf 82' lang='lat' dir='ltr'>servanda</span> <span class='ocrx_word' id='word_1_409' title='bbox 1425 1852 1518 1893; x_wconf 89' lang='lat' dir='ltr'>foret,</span> <span class='ocrx_word' id='word_1_410' title='bbox 1541 1852 1672 1886; x_wconf 89' lang='lat' dir='ltr'>illorum</span> <span class='ocrx_word' id='word_1_411' title='bbox 1701 1851 1846 1886; x_wconf 91' lang='lat' dir='ltr'>omnium</span> 
     </span>
     <span class='ocr_line' id='line_1_82' title="bbox 1101 1906 1848 1947; baseline -0.001 -7"><span class='ocrx_word' id='word_1_412' title='bbox 1101 1912 1240 1947; x_wconf 87' lang='lat' dir='ltr'>tenores,</span> <span class='ocrx_word' id='word_1_413' title='bbox 1268 1917 1304 1939; x_wconf 85' lang='lat' dir='ltr'>ae</span> <span class='ocrx_word' id='word_1_414' title='bbox 1334 1906 1359 1939; x_wconf 91' lang='lat' dir='ltr'>si</span> <span class='ocrx_word' id='word_1_415' title='bbox 1388 1906 1427 1939; x_wconf 90' lang='lat' dir='ltr'>de</span> <span class='ocrx_word' id='word_1_416' title='bbox 1451 1906 1549 1939; x_wconf 89' lang='lat' dir='ltr'>verbo</span> <span class='ocrx_word' id='word_1_417' title='bbox 1580 1906 1619 1939; x_wconf 88' lang='lat' dir='ltr'>ad</span> <span class='ocrx_word' id='word_1_418' title='bbox 1638 1906 1772 1939; x_wconf 90' lang='lat' dir='ltr'>verbum</span> <span class='ocrx_word' id='word_1_419' title='bbox 1797 1916 1848 1939; x_wconf 88' lang='lat' dir='ltr'>ex-</span> 
     </span>
     <span class='ocr_line' id='line_1_83' title="bbox 1100 1959 1845 2005; baseline 0 -12"><span class='ocrx_word' id='word_1_420' title='bbox 1100 1960 1214 2005; x_wconf 84' lang='lat' dir='ltr'>pressi,</span> <span class='ocrx_word' id='word_1_421' title='bbox 1236 1965 1267 1994; x_wconf 88' lang='lat' dir='ltr'>et</span> <span class='ocrx_word' id='word_1_422' title='bbox 1286 1960 1388 1993; x_wconf 78' lang='lat' dir='ltr'>forma</span> <span class='ocrx_word' id='word_1_423' title='bbox 1408 1959 1441 1992; x_wconf 94' lang='lat' dir='ltr'>in</span> <span class='ocrx_word' id='word_1_424' title='bbox 1465 1959 1527 1993; x_wconf 89' lang='lat' dir='ltr'>illis</span> <span class='ocrx_word' id='word_1_425' title='bbox 1549 1959 1845 2000; x_wconf 86' lang='lat' dir='ltr'>traditaobservata‚</span> 
     </span>
     <span class='ocr_line' id='line_1_84' title="bbox 1101 2012 1848 2058; baseline -0.001 -11"><span class='ocrx_word' id='word_1_426' title='bbox 1101 2014 1213 2047; x_wconf 89' lang='lat' dir='ltr'>inserti</span> <span class='ocrx_word' id='word_1_427' title='bbox 1234 2014 1339 2047; x_wconf 84' lang='lat' dir='ltr'>forent</span> <span class='ocrx_word' id='word_1_428' title='bbox 1355 2012 1589 2057; x_wconf 84' lang='lat' dir='ltr'>praesentibus,</span> <span class='ocrx_word' id='word_1_429' title='bbox 1611 2024 1671 2058; x_wconf 91' lang='lat' dir='ltr'>pro</span> <span class='ocrx_word' id='word_1_430' title='bbox 1690 2012 1848 2046; x_wconf 87' lang='lat' dir='ltr'>sufficien-</span> 
     </span>
     <span class='ocr_line' id='line_1_85' title="bbox 1101 2065 1849 2111; baseline -0.001 -11"><span class='ocrx_word' id='word_1_431' title='bbox 1101 2073 1150 2100; x_wconf 91' lang='lat' dir='ltr'>ter</span> <span class='ocrx_word' id='word_1_432' title='bbox 1170 2066 1326 2111; x_wconf 80' lang='lat' dir='ltr'>expressis</span> <span class='ocrx_word' id='word_1_433' title='bbox 1337 2071 1368 2099; x_wconf 88' lang='lat' dir='ltr'>et</span> <span class='ocrx_word' id='word_1_434' title='bbox 1377 2065 1504 2099; x_wconf 87' lang='lat' dir='ltr'>insertis</span> <span class='ocrx_word' id='word_1_435' title='bbox 1514 2066 1682 2106; x_wconf 82' lang='lat' dir='ltr'>habentes,</span> <span class='ocrx_word' id='word_1_436' title='bbox 1698 2065 1761 2099; x_wconf 89' lang='lat' dir='ltr'>illis</span> <span class='ocrx_word' id='word_1_437' title='bbox 1771 2065 1849 2099; x_wconf 88' lang='lat' dir='ltr'>alias</span> 
     </span>
     <span class='ocr_line' id='line_1_86' title="bbox 1102 2119 1849 2164; baseline -0.003 -10"><span class='ocrx_word' id='word_1_438' title='bbox 1102 2121 1133 2154; x_wconf 95' lang='lat' dir='ltr'>in</span> <span class='ocrx_word' id='word_1_439' title='bbox 1151 2132 1208 2154; x_wconf 90' lang='lat' dir='ltr'>suo</span> <span class='ocrx_word' id='word_1_440' title='bbox 1228 2121 1346 2154; x_wconf 89' lang='lat' dir='ltr'>robore</span> <span class='ocrx_word' id='word_1_441' title='bbox 1357 2120 1590 2164; x_wconf 86' lang='lat' dir='ltr'>permansuris,</span> <span class='ocrx_word' id='word_1_442' title='bbox 1602 2120 1663 2152; x_wconf 86' lang='lat' dir='ltr'>hac</span> <span class='ocrx_word' id='word_1_443' title='bbox 1674 2119 1743 2153; x_wconf 88' lang='lat' dir='ltr'>vice</span> <span class='ocrx_word' id='word_1_444' title='bbox 1758 2119 1849 2153; x_wconf 84' lang='lat' dir='ltr'>dum-</span> 
     </span>
     <span class='ocr_line' id='line_1_87' title="bbox 1102 2173 1847 2217; baseline -0.001 -9"><span class='ocrx_word' id='word_1_445' title='bbox 1102 2180 1198 2216; x_wconf 79' lang='lat' dir='ltr'>taxat,</span> <span class='ocrx_word' id='word_1_446' title='bbox 1211 2175 1325 2207; x_wconf 86' lang='lat' dir='ltr'>harum</span> <span class='ocrx_word' id='word_1_447' title='bbox 1340 2173 1434 2214; x_wconf 89' lang='lat' dir='ltr'>serie,</span> <span class='ocrx_word' id='word_1_448' title='bbox 1457 2173 1677 2217; x_wconf 86' lang='lat' dir='ltr'>specialiteret</span> <span class='ocrx_word' id='word_1_449' title='bbox 1687 2183 1847 2217; x_wconf 81' lang='lat' dir='ltr'>expresse,</span> 
     </span>
     <span class='ocr_line' id='line_1_88' title="bbox 1104 2226 1849 2271; baseline -0.003 -9"><span class='ocrx_word' id='word_1_450' title='bbox 1104 2229 1225 2262; x_wconf 90' lang='lat' dir='ltr'>eisdem</span> <span class='ocrx_word' id='word_1_451' title='bbox 1248 2234 1348 2270; x_wconf 87' lang='lat' dir='ltr'>motu,</span> <span class='ocrx_word' id='word_1_452' title='bbox 1371 2228 1504 2261; x_wconf 81' lang='lat' dir='ltr'>scientia</span> <span class='ocrx_word' id='word_1_453' title='bbox 1520 2233 1548 2261; x_wconf 91' lang='lat' dir='ltr'>et</span> <span class='ocrx_word' id='word_1_454' title='bbox 1561 2226 1725 2271; x_wconf 88' lang='lat' dir='ltr'>potestatis</span> <span class='ocrx_word' id='word_1_455' title='bbox 1745 2227 1849 2271; x_wconf 86' lang='lat' dir='ltr'>pleni-</span> 
     </span>
     <span class='ocr_line' id='line_1_89' title="bbox 1104 2281 1850 2325; baseline -0.001 -10"><span class='ocrx_word' id='word_1_456' title='bbox 1104 2282 1214 2316; x_wconf 83' lang='lat' dir='ltr'>tudine</span> <span class='ocrx_word' id='word_1_457' title='bbox 1241 2282 1434 2325; x_wconf 79' lang='lat' dir='ltr'>derogamus</span> <span class='ocrx_word' id='word_1_458' title='bbox 1454 2286 1483 2314; x_wconf 56' lang='lat' dir='ltr'>et,</span> <span class='ocrx_word' id='word_1_459' title='bbox 1503 2281 1698 2315; x_wconf 84' lang='lat' dir='ltr'>sufficienter</span> <span class='ocrx_word' id='word_1_460' title='bbox 1717 2281 1850 2324; x_wconf 85' lang='lat' dir='ltr'>deroga—</span> 
     </span>
     <span class='ocr_line' id='line_1_90' title="bbox 1105 2334 1852 2379; baseline -0.003 -10"><span class='ocrx_word' id='word_1_461' title='bbox 1105 2342 1173 2369; x_wconf 88' lang='lat' dir='ltr'>tum</span> <span class='ocrx_word' id='word_1_462' title='bbox 1195 2346 1262 2370; x_wconf 88' lang='lat' dir='ltr'>esse</span> <span class='ocrx_word' id='word_1_463' title='bbox 1283 2335 1500 2375; x_wconf 85' lang='lat' dir='ltr'>decernimus,</span> <span class='ocrx_word' id='word_1_464' title='bbox 1523 2335 1696 2368; x_wconf 90' lang='lat' dir='ltr'>contrariis</span> <span class='ocrx_word' id='word_1_465' title='bbox 1720 2334 1852 2379; x_wconf 88' lang='lat' dir='ltr'>quibus-</span> 
     </span>
    </p>
   </div>
   <div class='ocr_carea' id='block_1_9' title="bbox 1106 2387 1856 2626">
    <p class='ocr_par' dir='ltr' id='par_1_10' title="bbox 1106 2387 1856 2626">
     <span class='ocr_line' id='line_1_91' title="bbox 1106 2387 1851 2433; baseline -0.003 -10"><span class='ocrx_word' id='word_1_466' title='bbox 1106 2401 1257 2433; x_wconf 86' lang='lat' dir='ltr'>cumque.</span> <span class='ocrx_word' id='word_1_467' title='bbox 1281 2390 1342 2423; x_wconf 85' lang='lat' dir='ltr'>Aut</span> <span class='ocrx_word' id='word_1_468' title='bbox 1362 2389 1386 2422; x_wconf 88' lang='lat' dir='ltr'>si</span> <span class='ocrx_word' id='word_1_469' title='bbox 1410 2389 1569 2433; x_wconf 90' lang='lat' dir='ltr'>personis,</span> <span class='ocrx_word' id='word_1_470' title='bbox 1582 2387 1851 2427; x_wconf 77' lang='lat' dir='ltr'>universitatibus,</span> 
     </span>
     <span class='ocr_line' id='line_1_92' title="bbox 1107 2435 1850 2480; baseline -0.007 -7"><span class='ocrx_word' id='word_1_471' title='bbox 1107 2439 1336 2479; x_wconf 62' lang='lat' dir='ltr'>societatibus:</span> <span class='ocrx_word' id='word_1_472' title='bbox 1353 2437 1668 2480; x_wconf 77' lang='lat' dir='ltr'>congregationibus,</span> <span class='ocrx_word' id='word_1_473' title='bbox 1696 2435 1850 2480; x_wconf 85' lang='lat' dir='ltr'>collegiis,</span> 
     </span>
     <span class='ocr_line' id='line_1_93' title="bbox 1108 2485 1852 2530; baseline -0.004 -9"><span class='ocrx_word' id='word_1_474' title='bbox 1108 2487 1322 2527; x_wconf 88' lang='lat' dir='ltr'>monasteriis,</span> <span class='ocrx_word' id='word_1_475' title='bbox 1340 2486 1553 2530; x_wconf 88' lang='lat' dir='ltr'>hospitalibus</span> <span class='ocrx_word' id='word_1_476' title='bbox 1573 2486 1708 2529; x_wconf 84' lang='lat' dir='ltr'>aliisque</span> <span class='ocrx_word' id='word_1_477' title='bbox 1728 2485 1790 2529; x_wconf 87' lang='lat' dir='ltr'>piis</span> <span class='ocrx_word' id='word_1_478' title='bbox 1804 2485 1852 2518; x_wconf 92' lang='lat' dir='ltr'>lo-</span> 
     </span>
     <span class='ocr_line' id='line_1_94' title="bbox 1109 2534 1854 2581; baseline -0.004 -11"><span class='ocrx_word' id='word_1_479' title='bbox 1109 2537 1152 2570; x_wconf 90' lang='lat' dir='ltr'>cis</span> <span class='ocrx_word' id='word_1_480' title='bbox 1173 2536 1358 2581; x_wconf 86' lang='lat' dir='ltr'>praedietis,</span> <span class='ocrx_word' id='word_1_481' title='bbox 1381 2545 1558 2579; x_wconf 88' lang='lat' dir='ltr'>eorumque</span> <span class='ocrx_word' id='word_1_482' title='bbox 1586 2534 1854 2569; x_wconf 87' lang='lat' dir='ltr'>administratori-</span> 
     </span>
     <span class='ocr_line' id='line_1_95' title="bbox 1109 2582 1856 2626; baseline -0.005 -7"><span class='ocrx_word' id='word_1_483' title='bbox 1109 2587 1181 2626; x_wconf 86' lang='lat' dir='ltr'>bus,</span> <span class='ocrx_word' id='word_1_484' title='bbox 1204 2585 1394 2619; x_wconf 81' lang='lat' dir='ltr'>officialibus</span> <span class='ocrx_word' id='word_1_485' title='bbox 1415 2595 1472 2618; x_wconf 87' lang='lat' dir='ltr'>seu</span> <span class='ocrx_word' id='word_1_486' title='bbox 1492 2584 1647 2618; x_wconf 82' lang='lat' dir='ltr'>ministris</span> <span class='ocrx_word' id='word_1_487' title='bbox 1665 2584 1712 2616; x_wconf 90' lang='lat' dir='ltr'>vel</span> <span class='ocrx_word' id='word_1_488' title='bbox 1724 2582 1856 2626; x_wconf 87' lang='lat' dir='ltr'>quibus-</span> 
     </span>
    </p>
   </div>
   <div class='ocr_carea' id='block_1_10' title="bbox 321 2631 1856 2686">
    <p class='ocr_par' dir='ltr' id='par_1_11' title="bbox 321 2631 1856 2686">
     <span class='ocr_line' id='line_1_96' title="bbox 321 2631 1856 2686; baseline -0.001 -18"><span class='ocrx_word' id='word_1_489' title='bbox 321 2635 512 2679; x_wconf 56' lang='lat' dir='ltr'>sufflatoriis,</span> <span class='ocrx_word' id='word_1_490' title='bbox 532 2637 790 2686; x_wconf 81' lang='lat' dir='ltr'>exemptionibus</span> <span class='ocrx_word' id='word_1_491' title='bbox 805 2643 836 2671; x_wconf 87' lang='lat' dir='ltr'>et</span> <span class='ocrx_word' id='word_1_492' title='bbox 854 2637 966 2672; x_wconf 84' lang='lat' dir='ltr'>litteris</span> <span class='ocrx_word' id='word_1_493' title='bbox 995 2647 1069 2686; x_wconf 86' lang='lat' dir='ltr'>apo-</span> <span class='ocrx_word' id='word_1_494' title='bbox 1108 2636 1155 2669; x_wconf 88' lang='lat' dir='ltr'>vis</span> <span class='ocrx_word' id='word_1_495' title='bbox 1174 2635 1256 2679; x_wconf 87' lang='lat' dir='ltr'>aliis,</span> <span class='ocrx_word' id='word_1_496' title='bbox 1282 2633 1499 2670; x_wconf 87' lang='lat' dir='ltr'>communiter</span> <span class='ocrx_word' id='word_1_497' title='bbox 1518 2633 1568 2669; x_wconf 86' lang='lat' dir='ltr'>vel</span> <span class='ocrx_word' id='word_1_498' title='bbox 1587 2631 1727 2683; x_wconf 78' lang='lat' dir='ltr'>divisim,</span> <span class='ocrx_word' id='word_1_499' title='bbox 1745 2631 1785 2664; x_wconf 82' lang='lat' dir='ltr'>ab</span> <span class='ocrx_word' id='word_1_500' title='bbox 1804 2641 1856 2666; x_wconf 84' lang='lat' dir='ltr'>ea-</span> 
     </span>
    </p>
   </div>
   <div class='ocr_carea' id='block_1_11' title="bbox 1855 239 2022 294">
    <p class='ocr_par' dir='ltr' id='par_1_12' title="bbox 1855 239 2022 294">
     <span class='ocr_line' id='line_1_97' title="bbox 1855 239 2022 294; baseline -0.006 -26"><span class='ocrx_word' id='word_1_501' title='bbox 1855 239 1983 294; x_wconf 52' lang='lat' dir='ltr'>Amed-</span> <span class='ocrx_word' id='word_1_502' title='bbox 2005 250 2022 267; x_wconf 65' lang='lat' dir='ltr'>zi</span> 
     </span>
    </p>
   </div>
   <div class='ocr_carea' id='block_1_12' title="bbox 1875 0 2059 3228">
    <p class='ocr_par' dir='ltr' id='par_1_13' title="bbox 1875 0 2059 3228">
     <span class='ocr_line' id='line_1_98' title="bbox 1875 0 2059 3228; baseline 0 0"><span class='ocrx_word' id='word_1_503' title='bbox 1875 0 2059 3228; x_wconf 95' lang='lat' dir='ltr'> </span> 
     </span>
    </p>
   </div>
  </div>
 </body>
</html>
