<?xml version="1.0" encoding="UTF-8"?>
<!DOCTYPE html PUBLIC "-//W3C//DTD XHTML 1.0 Transitional//EN"
    "http://www.w3.org/TR/xhtml1/DTD/xhtml1-transitional.dtd">
<html xmlns="http://www.w3.org/1999/xhtml" xml:lang="en" lang="en">
 <head>
  <title>
</title>
<meta http-equiv="Content-Type" content="text/html;charset=utf-8" />
  <meta name='ocr-system' content='tesseract 3.04.00' />
  <meta name='ocr-capabilities' content='ocr_page ocr_carea ocr_par ocr_line ocrx_word'/>
</head>
<body>
  <div class='ocr_page' id='page_1' title='image "./bullarumdiplomat08cath/bullarumdiplomat08cath_0142.png"; bbox 0 0 2059 3228; ppageno 0'>
   <div class='ocr_carea' id='block_1_1' title="bbox 114 213 292 242">
    <p class='ocr_par' dir='ltr' id='par_1_1' title="bbox 114 213 292 242">
     <span class='ocr_line' id='line_1_1' title="bbox 114 213 292 242; baseline 0 -2"><span class='ocrx_word' id='word_1_1' title='bbox 114 213 167 242; x_wconf 81' lang='lat' dir='ltr'>Au.</span> <span class='ocrx_word' id='word_1_2' title='bbox 180 213 207 240; x_wconf 88' lang='lat' dir='ltr'>C.</span> <span class='ocrx_word' id='word_1_3' title='bbox 226 213 292 242; x_wconf 81' lang='lat'>1575</span> 
     </span>
    </p>
   </div>
   <div class='ocr_carea' id='block_1_2' title="bbox 356 212 1254 246">
    <p class='ocr_par' dir='ltr' id='par_1_2' title="bbox 356 212 1254 246">
     <span class='ocr_line' id='line_1_2' title="bbox 356 212 1254 246; baseline -0.007 0"><span class='ocrx_word' id='word_1_4' title='bbox 356 212 420 246; x_wconf 68' lang='lat'>126</span> <span class='ocrx_word' id='word_1_5' title='bbox 899 218 1081 243; x_wconf 62' lang='lat' dir='ltr'>rotmanni</span> <span class='ocrx_word' id='word_1_6' title='bbox 1099 216 1254 241; x_wconf 57' lang='lat' dir='ltr'>Romanuin</span> 
     </span>
    </p>
   </div>
   <div class='ocr_carea' id='block_1_3' title="bbox 313 270 1843 947">
    <p class='ocr_par' dir='ltr' id='par_1_3' title="bbox 313 270 1843 947">
     <span class='ocr_line' id='line_1_3' title="bbox 313 270 1829 318; baseline -0.002 -7"><span class='ocrx_word' id='word_1_7' title='bbox 313 288 350 311; x_wconf 88' lang='lat' dir='ltr'>ac</span> <span class='ocrx_word' id='word_1_8' title='bbox 373 277 473 309; x_wconf 79' lang='lat' dir='ltr'>dictae</span> <span class='ocrx_word' id='word_1_9' title='bbox 507 275 579 308; x_wconf 84' lang='lat' dir='ltr'>fidei</span> <span class='ocrx_word' id='word_1_10' title='bbox 615 273 769 318; x_wconf 86' lang='lat' dir='ltr'>profectui</span> <span class='ocrx_word' id='word_1_11' title='bbox 793 278 824 307; x_wconf 86' lang='lat' dir='ltr'>et</span> <span class='ocrx_word' id='word_1_12' title='bbox 847 272 1026 307; x_wconf 80' lang='lat' dir='ltr'>exaltationi</span> <span class='ocrx_word' id='word_1_13' title='bbox 1047 299 1054 312; x_wconf 86' lang='lat'>,</span> <span class='ocrx_word' id='word_1_14' title='bbox 1084 271 1201 314; x_wconf 89' lang='lat' dir='ltr'>liquam</span> <span class='ocrx_word' id='word_1_15' title='bbox 1225 270 1478 305; x_wconf 88' lang='lat' dir='ltr'>iurisdictionem</span> <span class='ocrx_word' id='word_1_16' title='bbox 1500 272 1708 318; x_wconf 85' lang='lat' dir='ltr'>spiritualem,</span> <span class='ocrx_word' id='word_1_17' title='bbox 1735 284 1829 318; x_wconf 87' lang='lat' dir='ltr'>prae·</span> 
     </span>
     <span class='ocr_line' id='line_1_4' title="bbox 314 324 1824 371; baseline -0.001 -10"><span class='ocrx_word' id='word_1_18' title='bbox 314 329 474 371; x_wconf 75' lang='lat' dir='ltr'>divinique</span> <span class='ocrx_word' id='word_1_19' title='bbox 498 328 598 360; x_wconf 87' lang='lat' dir='ltr'>cultus</span> <span class='ocrx_word' id='word_1_20' title='bbox 634 326 828 359; x_wconf 87' lang='lat' dir='ltr'>incremento</span> <span class='ocrx_word' id='word_1_21' title='bbox 848 352 856 366; x_wconf 90' lang='lat'>‚</span> <span class='ocrx_word' id='word_1_22' title='bbox 880 336 915 358; x_wconf 87' lang='lat' dir='ltr'>ac</span> <span class='ocrx_word' id='word_1_23' title='bbox 939 330 982 358; x_wconf 92' lang='lat' dir='ltr'>tot</span> <span class='ocrx_word' id='word_1_24' title='bbox 1009 325 1054 356; x_wconf 90' lang='lat' dir='ltr'>in-</span> <span class='ocrx_word' id='word_1_25' title='bbox 1086 330 1228 367; x_wconf 85' lang='lat' dir='ltr'>terquam</span> <span class='ocrx_word' id='word_1_26' title='bbox 1252 324 1285 356; x_wconf 92' lang='lat' dir='ltr'>in</span> <span class='ocrx_word' id='word_1_27' title='bbox 1309 324 1360 357; x_wconf 89' lang='lat' dir='ltr'>his</span> <span class='ocrx_word' id='word_1_28' title='bbox 1383 335 1463 367; x_wconf 88' lang='lat' dir='ltr'>quae</span> <span class='ocrx_word' id='word_1_29' title='bbox 1486 330 1557 358; x_wconf 90' lang='lat' dir='ltr'>sunt</span> <span class='ocrx_word' id='word_1_30' title='bbox 1582 325 1712 366; x_wconf 83' lang='lat' dir='ltr'>ordinis,</span> <span class='ocrx_word' id='word_1_31' title='bbox 1736 327 1824 360; x_wconf 88' lang='lat' dir='ltr'>dem-</span> 
     </span>
     <span class='ocr_line' id='line_1_5' title="bbox 315 376 1824 422; baseline 0 -9"><span class='ocrx_word' id='word_1_32' title='bbox 315 380 487 414; x_wconf 83' lang='lat' dir='ltr'>commodis</span> <span class='ocrx_word' id='word_1_33' title='bbox 511 384 541 412; x_wconf 87' lang='lat' dir='ltr'>et</span> <span class='ocrx_word' id='word_1_34' title='bbox 564 379 745 412; x_wconf 87' lang='lat' dir='ltr'>animarum</span> <span class='ocrx_word' id='word_1_35' title='bbox 768 379 915 422; x_wconf 87' lang='lat' dir='ltr'>periculis</span> <span class='ocrx_word' id='word_1_36' title='bbox 939 388 1054 421; x_wconf 81' lang='lat' dir='ltr'>oppor-</span> <span class='ocrx_word' id='word_1_37' title='bbox 1085 376 1146 418; x_wconf 87' lang='lat' dir='ltr'>ptis</span> <span class='ocrx_word' id='word_1_38' title='bbox 1169 376 1300 409; x_wconf 82' lang='lat' dir='ltr'>inferius</span> <span class='ocrx_word' id='word_1_39' title='bbox 1321 377 1484 420; x_wconf 77' lang='lat' dir='ltr'>expressis,</span> <span class='ocrx_word' id='word_1_40' title='bbox 1507 378 1541 411; x_wconf 91' lang='lat' dir='ltr'>in</span> <span class='ocrx_word' id='word_1_41' title='bbox 1565 378 1690 422; x_wconf 89' lang='lat' dir='ltr'>oppida,</span> <span class='ocrx_word' id='word_1_42' title='bbox 1715 380 1824 413; x_wconf 88' lang='lat' dir='ltr'>termi-</span> 
     </span>
     <span class='ocr_line' id='line_1_6' title="bbox 316 429 1823 474; baseline 0 -9"><span class='ocrx_word' id='word_1_43' title='bbox 316 438 391 465; x_wconf 90' lang='lat' dir='ltr'>tune</span> <span class='ocrx_word' id='word_1_44' title='bbox 404 432 628 464; x_wconf 78' lang='lat' dir='ltr'>consuleretur.</span> <span class='ocrx_word' id='word_1_45' title='bbox 641 430 743 470; x_wconf 85' lang='lat' dir='ltr'>Quare</span> <span class='ocrx_word' id='word_1_46' title='bbox 756 431 840 464; x_wconf 83' lang='lat' dir='ltr'>idem</span> <span class='ocrx_word' id='word_1_47' title='bbox 854 431 1054 464; x_wconf 68' lang='lat' dir='ltr'>Sebastianus</span> <span class='ocrx_word' id='word_1_48' title='bbox 1086 439 1151 468; x_wconf 89' lang='lat' dir='ltr'>nos,</span> <span class='ocrx_word' id='word_1_49' title='bbox 1176 429 1345 467; x_wconf 79' lang='lat' dir='ltr'>territoria,</span> <span class='ocrx_word' id='word_1_50' title='bbox 1370 430 1457 463; x_wconf 79' lang='lat' dir='ltr'>villas</span> <span class='ocrx_word' id='word_1_51' title='bbox 1480 434 1511 463; x_wconf 92' lang='lat' dir='ltr'>et</span> <span class='ocrx_word' id='word_1_52' title='bbox 1533 431 1610 472; x_wconf 89' lang='lat' dir='ltr'>loca,</span> <span class='ocrx_word' id='word_1_53' title='bbox 1635 442 1671 465; x_wconf 89' lang='lat' dir='ltr'>ac</span> <span class='ocrx_word' id='word_1_54' title='bbox 1693 432 1823 474; x_wconf 86' lang='lat' dir='ltr'>clerum,</span> 
     </span>
     <span class='ocr_line' id='line_1_7' title="bbox 316 483 1831 527; baseline 0.001 -11"><span class='ocrx_word' id='word_1_55' title='bbox 316 495 370 517; x_wconf 83' lang='lat' dir='ltr'>rex</span> <span class='ocrx_word' id='word_1_56' title='bbox 388 483 478 516; x_wconf 83' lang='lat' dir='ltr'>nobis</span> <span class='ocrx_word' id='word_1_57' title='bbox 505 483 667 516; x_wconf 87' lang='lat' dir='ltr'>humiliter</span> <span class='ocrx_word' id='word_1_58' title='bbox 683 484 852 527; x_wconf 87' lang='lat' dir='ltr'>supplicari</span> <span class='ocrx_word' id='word_1_59' title='bbox 881 483 952 516; x_wconf 85' lang='lat' dir='ltr'>fecit</span> <span class='ocrx_word' id='word_1_60' title='bbox 977 492 1054 525; x_wconf 86' lang='lat' dir='ltr'>qua-</span> <span class='ocrx_word' id='word_1_61' title='bbox 1087 483 1247 525; x_wconf 88' lang='lat' dir='ltr'>populum,</span> <span class='ocrx_word' id='word_1_62' title='bbox 1271 493 1433 526; x_wconf 81' lang='lat' dir='ltr'>personas,</span> <span class='ocrx_word' id='word_1_63' title='bbox 1458 484 1658 524; x_wconf 87' lang='lat' dir='ltr'>monasteria,</span> <span class='ocrx_word' id='word_1_64' title='bbox 1683 484 1831 518; x_wconf 84' lang='lat' dir='ltr'>ecclesias</span> 
     </span>
     <span class='ocr_line' id='line_1_8' title="bbox 316 535 1832 580; baseline 0.001 -12"><span class='ocrx_word' id='word_1_65' title='bbox 316 541 407 568; x_wconf 83' lang='lat' dir='ltr'>tenus</span> <span class='ocrx_word' id='word_1_66' title='bbox 424 535 567 568; x_wconf 88' lang='lat' dir='ltr'>eamdem</span> <span class='ocrx_word' id='word_1_67' title='bbox 580 535 775 579; x_wconf 80' lang='lat' dir='ltr'>provinciam</span> <span class='ocrx_word' id='word_1_68' title='bbox 793 547 847 569; x_wconf 85' lang='lat' dir='ltr'>seu</span> <span class='ocrx_word' id='word_1_69' title='bbox 860 541 981 579; x_wconf 81' lang='lat' dir='ltr'>partem</span> <span class='ocrx_word' id='word_1_70' title='bbox 996 540 1057 566; x_wconf 85' lang='lat' dir='ltr'>ter·</span> <span class='ocrx_word' id='word_1_71' title='bbox 1087 540 1115 568; x_wconf 89' lang='lat' dir='ltr'>ct</span> <span class='ocrx_word' id='word_1_72' title='bbox 1141 535 1191 579; x_wconf 84' lang='lat' dir='ltr'>pia</span> <span class='ocrx_word' id='word_1_73' title='bbox 1216 536 1282 569; x_wconf 88' lang='lat' dir='ltr'>loca</span> <span class='ocrx_word' id='word_1_74' title='bbox 1306 546 1429 569; x_wconf 81' lang='lat' dir='ltr'>necnon</span> <span class='ocrx_word' id='word_1_75' title='bbox 1453 535 1606 569; x_wconf 83' lang='lat' dir='ltr'>beneficia</span> <span class='ocrx_word' id='word_1_76' title='bbox 1629 536 1688 569; x_wconf 87' lang='lat' dir='ltr'>sub</span> <span class='ocrx_word' id='word_1_77' title='bbox 1704 547 1832 580; x_wconf 89' lang='lat' dir='ltr'>separa-</span> 
     </span>
     <span class='ocr_line' id='line_1_9' title="bbox 316 586 1831 622; baseline 0.001 -2"><span class='ocrx_word' id='word_1_78' title='bbox 316 598 370 620; x_wconf 87' lang='lat' dir='ltr'>rae</span> <span class='ocrx_word' id='word_1_79' title='bbox 387 588 485 620; x_wconf 85' lang='lat' dir='ltr'>Fluvii</span> <span class='ocrx_word' id='word_1_80' title='bbox 501 588 639 621; x_wconf 81' lang='lat' dir='ltr'>Ianuarii</span> <span class='ocrx_word' id='word_1_81' title='bbox 656 589 696 621; x_wconf 90' lang='lat' dir='ltr'>ab</span> <span class='ocrx_word' id='word_1_82' title='bbox 720 589 848 622; x_wconf 88' lang='lat' dir='ltr'>ecclesia</span> <span class='ocrx_word' id='word_1_83' title='bbox 876 594 907 622; x_wconf 87' lang='lat' dir='ltr'>et</span> <span class='ocrx_word' id='word_1_84' title='bbox 923 586 1057 620; x_wconf 86' lang='lat' dir='ltr'>dioecesi</span> <span class='ocrx_word' id='word_1_85' title='bbox 1088 587 1173 620; x_wconf 90' lang='lat' dir='ltr'>tione</span> <span class='ocrx_word' id='word_1_86' title='bbox 1195 593 1225 621; x_wconf 89' lang='lat' dir='ltr'>et</span> <span class='ocrx_word' id='word_1_87' title='bbox 1249 588 1529 622; x_wconf 84' lang='lat' dir='ltr'>dismembratione</span> <span class='ocrx_word' id='word_1_88' title='bbox 1545 588 1728 622; x_wconf 89' lang='lat' dir='ltr'>huiusmodi</span> <span class='ocrx_word' id='word_1_89' title='bbox 1745 600 1831 622; x_wconf 56' lang='lat' dir='ltr'>coma</span> 
     </span>
     <span class='ocr_line' id='line_1_10' title="bbox 316 639 1833 685; baseline 0.003 -13"><span class='ocrx_word' id='word_1_90' title='bbox 316 639 421 673; x_wconf 77' lang='lat' dir='ltr'>Sancti</span> <span class='ocrx_word' id='word_1_91' title='bbox 447 640 614 674; x_wconf 85' lang='lat' dir='ltr'>Salvatoris</span> <span class='ocrx_word' id='word_1_92' title='bbox 638 641 819 675; x_wconf 83' lang='lat' dir='ltr'>huiusmodi</span> <span class='ocrx_word' id='word_1_93' title='bbox 844 647 996 685; x_wconf 87' lang='lat' dir='ltr'>perpetuo</span> <span class='ocrx_word' id='word_1_94' title='bbox 1013 650 1059 673; x_wconf 90' lang='lat' dir='ltr'>se·</span> <span class='ocrx_word' id='word_1_95' title='bbox 1090 640 1257 682; x_wconf 76' lang='lat' dir='ltr'>prehensa,</span> <span class='ocrx_word' id='word_1_96' title='bbox 1281 651 1435 681; x_wconf 79' lang='lat' dir='ltr'>exercere3</span> <span class='ocrx_word' id='word_1_97' title='bbox 1463 652 1521 674; x_wconf 91' lang='lat' dir='ltr'>nec</span> <span class='ocrx_word' id='word_1_98' title='bbox 1536 642 1646 675; x_wconf 86' lang='lat' dir='ltr'>eadem</span> <span class='ocrx_word' id='word_1_99' title='bbox 1667 642 1833 685; x_wconf 85' lang='lat' dir='ltr'>beneficia,</span> 
     </span>
     <span class='ocr_line' id='line_1_11' title="bbox 315 693 1843 739; baseline 0.003 -15"><span class='ocrx_word' id='word_1_100' title='bbox 315 702 429 736; x_wconf 87' lang='lat' dir='ltr'>parare</span> <span class='ocrx_word' id='word_1_101' title='bbox 453 699 483 726; x_wconf 88' lang='lat' dir='ltr'>et</span> <span class='ocrx_word' id='word_1_102' title='bbox 506 693 744 735; x_wconf 87' lang='lat' dir='ltr'>dismembrare,</span> <span class='ocrx_word' id='word_1_103' title='bbox 762 706 797 728; x_wconf 88' lang='lat' dir='ltr'>ac</span> <span class='ocrx_word' id='word_1_104' title='bbox 813 695 892 728; x_wconf 90' lang='lat' dir='ltr'>inibi</span> <span class='ocrx_word' id='word_1_105' title='bbox 909 694 1059 727; x_wconf 74' lang='lat' dir='ltr'>vicariam</span> <span class='ocrx_word' id='word_1_106' title='bbox 1090 701 1168 734; x_wconf 82' lang='lat' dir='ltr'>quae</span> <span class='ocrx_word' id='word_1_107' title='bbox 1192 697 1284 726; x_wconf 87' lang='lat' dir='ltr'>antea</span> <span class='ocrx_word' id='word_1_108' title='bbox 1307 693 1347 726; x_wconf 89' lang='lat' dir='ltr'>ad</span> <span class='ocrx_word' id='word_1_109' title='bbox 1370 693 1469 737; x_wconf 88' lang='lat' dir='ltr'>ipsius</span> <span class='ocrx_word' id='word_1_110' title='bbox 1492 694 1702 737; x_wconf 88' lang='lat' dir='ltr'>collationem,</span> <span class='ocrx_word' id='word_1_111' title='bbox 1726 695 1843 739; x_wconf 40' lang='lat' dir='ltr'>provi-⁷</span> 
     </span>
     <span class='ocr_line' id='line_1_12' title="bbox 316 744 1836 791; baseline 0.003 -15"><span class='ocrx_word' id='word_1_112' title='bbox 316 754 373 777; x_wconf 88' lang='lat' dir='ltr'>seu</span> <span class='ocrx_word' id='word_1_113' title='bbox 395 744 701 780; x_wconf 72' lang='lat' dir='ltr'>administrationem</span> <span class='ocrx_word' id='word_1_114' title='bbox 724 748 917 791; x_wconf 81' lang='lat' dir='ltr'>praedictam</span> <span class='ocrx_word' id='word_1_115' title='bbox 936 747 1058 789; x_wconf 85' lang='lat' dir='ltr'>erigere</span> <span class='ocrx_word' id='word_1_116' title='bbox 1074 744 1225 785; x_wconf 43' lang='lat' dir='ltr'>wionem,</span> <span class='ocrx_word' id='word_1_117' title='bbox 1241 745 1472 779; x_wconf 87' lang='lat' dir='ltr'>institutionem</span> <span class='ocrx_word' id='word_1_118' title='bbox 1489 747 1536 780; x_wconf 92' lang='lat' dir='ltr'>vel</span> <span class='ocrx_word' id='word_1_119' title='bbox 1553 747 1727 790; x_wconf 83' lang='lat' dir='ltr'>quamlibet</span> <span class='ocrx_word' id='word_1_120' title='bbox 1741 747 1836 780; x_wconf 87' lang='lat' dir='ltr'>aliam</span> 
     </span>
     <span class='ocr_line' id='line_1_13' title="bbox 318 787 1835 843; baseline 0.001 -11"><span class='ocrx_word' id='word_1_121' title='bbox 318 801 350 829; x_wconf 74' lang='lat' dir='ltr'>et</span> <span class='ocrx_word' id='word_1_122' title='bbox 375 797 557 840; x_wconf 79' lang='lat' dir='ltr'>instituere,</span> <span class='ocrx_word' id='word_1_123' title='bbox 581 800 718 843; x_wconf 84' lang='lat' dir='ltr'>aliasque</span> <span class='ocrx_word' id='word_1_124' title='bbox 743 801 775 833; x_wconf 92' lang='lat' dir='ltr'>in</span> <span class='ocrx_word' id='word_1_125' title='bbox 800 799 981 843; x_wconf 80' lang='lat' dir='ltr'>praemissis</span> <span class='ocrx_word' id='word_1_126' title='bbox 1005 787 1329 841; x_wconf 70' lang='lat' dir='ltr'>op-ldispositionem</span> <span class='ocrx_word' id='word_1_127' title='bbox 1358 799 1576 843; x_wconf 82' lang='lat' dir='ltr'>pertinebant,</span> <span class='ocrx_word' id='word_1_128' title='bbox 1602 799 1755 841; x_wconf 79' lang='lat' dir='ltr'>conferre,</span> <span class='ocrx_word' id='word_1_129' title='bbox 1779 810 1835 833; x_wconf 89' lang='lat' dir='ltr'>seu</span> 
     </span>
     <span class='ocr_line' id='line_1_14' title="bbox 317 836 1834 896; baseline 0.003 -15"><span class='ocrx_word' id='word_1_130' title='bbox 317 854 454 891; x_wconf 86' lang='lat' dir='ltr'>portune</span> <span class='ocrx_word' id='word_1_131' title='bbox 477 851 643 894; x_wconf 87' lang='lat' dir='ltr'>providere</span> <span class='ocrx_word' id='word_1_132' title='bbox 665 853 703 886; x_wconf 91' lang='lat' dir='ltr'>de</span> <span class='ocrx_word' id='word_1_133' title='bbox 719 853 912 896; x_wconf 77' lang='lat' dir='ltr'>benignitate</span> <span class='ocrx_word' id='word_1_134' title='bbox 935 856 1062 895; x_wconf 86' lang='lat' dir='ltr'>aposto·</span> <span class='ocrx_word' id='word_1_135' title='bbox 1075 836 1079 865; x_wconf 74' lang='lat'><strong>¹</strong></span> <span class='ocrx_word' id='word_1_136' title='bbox 1091 849 1128 882; x_wconf 88' lang='lat' dir='ltr'>de</span> <span class='ocrx_word' id='word_1_137' title='bbox 1144 850 1204 883; x_wconf 91' lang='lat' dir='ltr'>illis</span> <span class='ocrx_word' id='word_1_138' title='bbox 1220 850 1385 894; x_wconf 83' lang='lat' dir='ltr'>providere</span> <span class='ocrx_word' id='word_1_139' title='bbox 1401 856 1454 884; x_wconf 85' lang='lat' dir='ltr'>aut</span> <span class='ocrx_word' id='word_1_140' title='bbox 1472 851 1548 885; x_wconf 87' lang='lat' dir='ltr'>alias</span> <span class='ocrx_word' id='word_1_141' title='bbox 1571 851 1750 895; x_wconf 88' lang='lat' dir='ltr'>disponere;</span> <span class='ocrx_word' id='word_1_142' title='bbox 1766 852 1834 886; x_wconf 83' lang='lat' dir='ltr'>fru-</span> 
     </span>
     <span class='ocr_line' id='line_1_15' title="bbox 318 902 617 947; baseline 0.01 -12"><span class='ocrx_word' id='word_1_143' title='bbox 318 902 377 936; x_wconf 86' lang='lat' dir='ltr'>lica</span> <span class='ocrx_word' id='word_1_144' title='bbox 402 903 617 947; x_wconf 82' lang='lat' dir='ltr'>dignaremur.</span> 
     </span>
    </p>
   </div>
   <div class='ocr_carea' id='block_1_4' title="bbox 1960 0 2059 263">
    <p class='ocr_par' dir='ltr' id='par_1_4' title="bbox 1960 0 2059 263">
     <span class='ocr_line' id='line_1_16' title="bbox 1960 0 2059 263; baseline 0 0"><span class='ocrx_word' id='word_1_145' title='bbox 1960 0 2059 263; x_wconf 95' lang='lat' dir='ltr'>  </span> 
     </span>
    </p>
   </div>
   <div class='ocr_carea' id='block_1_5' title="bbox 1841 206 1975 239">
    <p class='ocr_par' dir='ltr' id='par_1_5' title="bbox 1841 190 1976 243">
     <span class='ocr_line' id='line_1_17' title="bbox 1841 206 1975 239; baseline 0.022 -3"><span class='ocrx_word' id='word_1_146' title='bbox 1841 210 1894 237; x_wconf 77' lang='lat' dir='ltr'>An.</span> <span class='ocrx_word' id='word_1_147' title='bbox 1907 209 1937 238; x_wconf 81' lang='lat' dir='ltr'>c.</span> <span class='ocrx_word' id='word_1_148' title='bbox 1947 206 1975 239; x_wconf 68' lang='lat' dir='ltr'>i</span> 
     </span>
    </p>
   </div>
   <div class='ocr_carea' id='block_1_6' title="bbox 364 955 1061 1002">
    <p class='ocr_par' dir='ltr' id='par_1_6' title="bbox 364 955 1061 1002">
     <span class='ocr_line' id='line_1_18' title="bbox 364 955 1061 1002; baseline -0.003 -12"><span class='ocrx_word' id='word_1_149' title='bbox 364 956 426 999; x_wconf 65' lang='lat'>{3-</span> <span class='ocrx_word' id='word_1_150' title='bbox 455 958 516 991; x_wconf 85' lang='lat' dir='ltr'>Nos</span> <span class='ocrx_word' id='word_1_151' title='bbox 540 958 647 1001; x_wconf 87' lang='lat' dir='ltr'>igitur,</span> <span class='ocrx_word' id='word_1_152' title='bbox 673 959 726 1002; x_wconf 90' lang='lat' dir='ltr'>qui</span> <span class='ocrx_word' id='word_1_153' title='bbox 751 958 803 992; x_wconf 91' lang='lat' dir='ltr'>Dei</span> <span class='ocrx_word' id='word_1_154' title='bbox 828 959 946 991; x_wconf 90' lang='lat' dir='ltr'>cultum</span> <span class='ocrx_word' id='word_1_155' title='bbox 971 961 1002 989; x_wconf 89' lang='lat' dir='ltr'>et</span> <span class='ocrx_word' id='word_1_156' title='bbox 1025 955 1061 988; x_wconf 86' lang='lat' dir='ltr'>it-</span> 
     </span>
    </p>
   </div>
   <div class='ocr_carea' id='block_1_7' title="bbox 118 1008 1062 1155">
    <p class='ocr_par' dir='ltr' id='par_1_7' title="bbox 136 1008 1061 1056">
     <span class='ocr_line' id='line_1_19' title="bbox 136 1008 1061 1056; baseline -0.004 -12"><span class='ocrx_word' id='word_1_157' title='bbox 136 1023 230 1056; x_wconf 26' lang='lat' dir='ltr'>*Erneeao</span> <span class='ocrx_word' id='word_1_158' title='bbox 253 1008 380 1056; x_wconf 43' lang='lat' dir='ltr'>pra-lius</span> <span class='ocrx_word' id='word_1_159' title='bbox 405 1010 637 1044; x_wconf 86' lang='lat' dir='ltr'>incrementum</span> <span class='ocrx_word' id='word_1_160' title='bbox 661 1022 696 1044; x_wconf 88' lang='lat' dir='ltr'>ac</span> <span class='ocrx_word' id='word_1_161' title='bbox 719 1011 954 1054; x_wconf 71' lang='lat' dir='ltr'>provinciarum</span> <span class='ocrx_word' id='word_1_162' title='bbox 981 1009 1061 1042; x_wconf 85' lang='lat' dir='ltr'>salu-</span> 
     </span>
    </p>

    <p class='ocr_par' dir='ltr' id='par_1_8' title="bbox 118 1050 1062 1130">
     <span class='ocr_line' id='line_1_20' title="bbox 118 1050 1062 1123; baseline -0.006 -25"><span class='ocrx_word' id='word_1_163' title='bbox 118 1050 410 1123; x_wconf 52' lang='grc' dir='ltr'>ΞΞΞΞΞΠῙΞἽᾚᾺῈΙΠ</span> <span class='ocrx_word' id='word_1_164' title='bbox 436 1063 654 1104; x_wconf 87' lang='lat' dir='ltr'>directionem,</span> <span class='ocrx_word' id='word_1_165' title='bbox 679 1076 750 1097; x_wconf 89' lang='lat' dir='ltr'>cum</span> <span class='ocrx_word' id='word_1_166' title='bbox 775 1064 953 1096; x_wconf 80' lang='lat' dir='ltr'>animarum</span> <span class='ocrx_word' id='word_1_167' title='bbox 978 1060 1062 1094; x_wconf 76' lang='lat' dir='ltr'>cliri-</span> 
     </span>
     <span class='ocr_line' id='line_1_21' title="bbox 205 1110 310 1130; baseline 0 -6"><span class='ocrx_word' id='word_1_168' title='bbox 205 1111 227 1124; x_wconf 86' lang='lat' dir='ltr'>m</span> <span class='ocrx_word' id='word_1_169' title='bbox 259 1110 310 1130; x_wconf 82' lang='lat' dir='ltr'>per-</span> 
     </span>
    </p>

    <p class='ocr_par' dir='ltr' id='par_1_9' title="bbox 120 1133 218 1155">
     <span class='ocr_line' id='line_1_22' title="bbox 120 1133 218 1155; baseline -0.01 -3"><span class='ocrx_word' id='word_1_170' title='bbox 120 1133 218 1155; x_wconf 72' lang='lat' dir='ltr'>petuam.</span> 
     </span>
    </p>
   </div>
   <div class='ocr_carea' id='block_1_8' title="bbox 318 1114 1066 2587">
    <p class='ocr_par' dir='ltr' id='par_1_10' title="bbox 318 1114 1066 2587">
     <span class='ocr_line' id='line_1_23' title="bbox 322 1114 1063 1160; baseline -0.008 -10"><span class='ocrx_word' id='word_1_171' title='bbox 322 1116 505 1150; x_wconf 83' lang='lat' dir='ltr'>stifidelium</span> <span class='ocrx_word' id='word_1_172' title='bbox 512 1117 609 1149; x_wconf 82' lang='lat' dir='ltr'>salute</span> <span class='ocrx_word' id='word_1_173' title='bbox 619 1122 648 1150; x_wconf 86' lang='lat' dir='ltr'>et</span> <span class='ocrx_word' id='word_1_174' title='bbox 662 1117 817 1160; x_wconf 84' lang='lat' dir='ltr'>spirituali</span> <span class='ocrx_word' id='word_1_175' title='bbox 839 1114 1063 1152; x_wconf 79' lang='lat' dir='ltr'>consolatione,</span> 
     </span>
     <span class='ocr_line' id='line_1_24' title="bbox 319 1166 1062 1210; baseline -0.008 -7"><span class='ocrx_word' id='word_1_176' title='bbox 319 1169 452 1203; x_wconf 85' lang='lat' dir='ltr'>intensis</span> <span class='ocrx_word' id='word_1_177' title='bbox 476 1170 639 1203; x_wconf 86' lang='lat' dir='ltr'>desideriis</span> <span class='ocrx_word' id='word_1_178' title='bbox 663 1170 855 1210; x_wconf 83' lang='lat' dir='ltr'>affectamus,</span> <span class='ocrx_word' id='word_1_179' title='bbox 880 1166 1062 1200; x_wconf 88' lang='lat' dir='ltr'>huiusmodi</span> 
     </span>
     <span class='ocr_line' id='line_1_25' title="bbox 320 1218 1063 1267; baseline -0.008 -11"><span class='ocrx_word' id='word_1_180' title='bbox 320 1222 604 1267; x_wconf 83' lang='lat' dir='ltr'>supplicationibus</span> <span class='ocrx_word' id='word_1_181' title='bbox 617 1223 769 1263; x_wconf 87' lang='lat' dir='ltr'>inclinati,</span> <span class='ocrx_word' id='word_1_182' title='bbox 784 1222 823 1255; x_wconf 88' lang='lat' dir='ltr'>ad</span> <span class='ocrx_word' id='word_1_183' title='bbox 835 1218 1063 1264; x_wconf 89' lang='lat' dir='ltr'>omnipotentis</span> 
     </span>
     <span class='ocr_line' id='line_1_26' title="bbox 318 1272 1062 1319; baseline -0.008 -10"><span class='ocrx_word' id='word_1_184' title='bbox 318 1276 373 1310; x_wconf 90' lang='lat' dir='ltr'>Dei</span> <span class='ocrx_word' id='word_1_185' title='bbox 390 1276 514 1309; x_wconf 86' lang='lat' dir='ltr'>laudem</span> <span class='ocrx_word' id='word_1_186' title='bbox 535 1281 564 1309; x_wconf 86' lang='lat' dir='ltr'>et</span> <span class='ocrx_word' id='word_1_187' title='bbox 592 1276 736 1319; x_wconf 71' lang='lat' dir='ltr'>gloriam,</span> <span class='ocrx_word' id='word_1_188' title='bbox 753 1286 788 1308; x_wconf 83' lang='lat' dir='ltr'>ac</span> <span class='ocrx_word' id='word_1_189' title='bbox 817 1272 1062 1317; x_wconf 74' lang='lat' dir='ltr'>gloriosissimae</span> 
     </span>
     <span class='ocr_line' id='line_1_27' title="bbox 319 1325 1060 1373; baseline -0.011 -10"><span class='ocrx_word' id='word_1_190' title='bbox 319 1329 388 1363; x_wconf 85' lang='lat' dir='ltr'>eius</span> <span class='ocrx_word' id='word_1_191' title='bbox 411 1329 574 1373; x_wconf 82' lang='lat' dir='ltr'>genitricis</span> <span class='ocrx_word' id='word_1_192' title='bbox 597 1328 734 1371; x_wconf 70' lang='lat' dir='ltr'>Virginis</span> <span class='ocrx_word' id='word_1_193' title='bbox 757 1327 872 1360; x_wconf 87' lang='lat' dir='ltr'>Mariae</span> <span class='ocrx_word' id='word_1_194' title='bbox 902 1325 1060 1366; x_wconf 90' lang='lat' dir='ltr'>totiusque</span> 
     </span>
     <span class='ocr_line' id='line_1_28' title="bbox 319 1375 1061 1422; baseline -0.011 -7"><span class='ocrx_word' id='word_1_195' title='bbox 319 1382 427 1415; x_wconf 86' lang='lat' dir='ltr'>curiae</span> <span class='ocrx_word' id='word_1_196' title='bbox 450 1382 593 1416; x_wconf 90' lang='lat' dir='ltr'>coelestis</span> <span class='ocrx_word' id='word_1_197' title='bbox 616 1381 788 1421; x_wconf 87' lang='lat' dir='ltr'>honorem,</span> <span class='ocrx_word' id='word_1_198' title='bbox 812 1383 842 1412; x_wconf 86' lang='lat' dir='ltr'>et</span> <span class='ocrx_word' id='word_1_199' title='bbox 866 1377 964 1422; x_wconf 88' lang='lat' dir='ltr'>ipsius</span> <span class='ocrx_word' id='word_1_200' title='bbox 988 1375 1061 1408; x_wconf 83' lang='lat' dir='ltr'>fidei</span> 
     </span>
     <span class='ocr_line' id='line_1_29' title="bbox 320 1427 1063 1474; baseline -0.011 -6"><span class='ocrx_word' id='word_1_201' title='bbox 320 1435 493 1468; x_wconf 86' lang='lat' dir='ltr'>catholicae</span> <span class='ocrx_word' id='word_1_202' title='bbox 531 1434 775 1474; x_wconf 83' lang='lat' dir='ltr'>exaltationem,</span> <span class='ocrx_word' id='word_1_203' title='bbox 810 1443 880 1465; x_wconf 86' lang='lat' dir='ltr'>eam</span> <span class='ocrx_word' id='word_1_204' title='bbox 912 1427 1063 1463; x_wconf 89' lang='lat' dir='ltr'>dioecesis</span> 
     </span>
     <span class='ocr_line' id='line_1_30' title="bbox 321 1481 1062 1530; baseline -0.011 -10"><span class='ocrx_word' id='word_1_205' title='bbox 321 1486 427 1520; x_wconf 82' lang='lat' dir='ltr'>Sancti</span> <span class='ocrx_word' id='word_1_206' title='bbox 451 1487 618 1520; x_wconf 88' lang='lat' dir='ltr'>Salvatoris</span> <span class='ocrx_word' id='word_1_207' title='bbox 641 1492 774 1530; x_wconf 85' lang='lat' dir='ltr'>partem,</span> <span class='ocrx_word' id='word_1_208' title='bbox 800 1485 833 1517; x_wconf 91' lang='lat' dir='ltr'>in</span> <span class='ocrx_word' id='word_1_209' title='bbox 858 1494 919 1528; x_wconf 83' lang='lat' dir='ltr'>qua</span> <span class='ocrx_word' id='word_1_210' title='bbox 937 1481 1062 1526; x_wconf 82' lang='lat' dir='ltr'>provin-</span> 
     </span>
     <span class='ocr_line' id='line_1_31' title="bbox 322 1534 1062 1584; baseline -0.009 -11"><span class='ocrx_word' id='word_1_211' title='bbox 322 1540 370 1573; x_wconf 81' lang='lat' dir='ltr'>cia</span> <span class='ocrx_word' id='word_1_212' title='bbox 394 1551 449 1573; x_wconf 89' lang='lat' dir='ltr'>seu</span> <span class='ocrx_word' id='word_1_213' title='bbox 472 1551 544 1584; x_wconf 89' lang='lat' dir='ltr'>pars</span> <span class='ocrx_word' id='word_1_214' title='bbox 569 1546 669 1573; x_wconf 86' lang='lat' dir='ltr'>terrae</span> <span class='ocrx_word' id='word_1_215' title='bbox 686 1539 784 1572; x_wconf 87' lang='lat' dir='ltr'>Fluvii</span> <span class='ocrx_word' id='word_1_216' title='bbox 800 1537 937 1570; x_wconf 86' lang='lat' dir='ltr'>Ianuarii</span> <span class='ocrx_word' id='word_1_217' title='bbox 955 1534 1062 1568; x_wconf 82' lang='lat' dir='ltr'>huius-</span> 
     </span>
     <span class='ocr_line' id='line_1_32' title="bbox 321 1589 1063 1636; baseline -0.007 -11"><span class='ocrx_word' id='word_1_218' title='bbox 321 1593 407 1625; x_wconf 88' lang='lat' dir='ltr'>modi</span> <span class='ocrx_word' id='word_1_219' title='bbox 431 1593 583 1633; x_wconf 87' lang='lat' dir='ltr'>consistit,</span> <span class='ocrx_word' id='word_1_220' title='bbox 608 1598 640 1625; x_wconf 90' lang='lat' dir='ltr'>ut</span> <span class='ocrx_word' id='word_1_221' title='bbox 666 1592 859 1636; x_wconf 81' lang='lat' dir='ltr'>praefertur,</span> <span class='ocrx_word' id='word_1_222' title='bbox 884 1601 955 1622; x_wconf 85' lang='lat' dir='ltr'>cum</span> <span class='ocrx_word' id='word_1_223' title='bbox 982 1589 1063 1621; x_wconf 87' lang='lat' dir='ltr'>illius</span> 
     </span>
     <span class='ocr_line' id='line_1_33' title="bbox 321 1644 1062 1689; baseline -0.005 -12"><span class='ocrx_word' id='word_1_224' title='bbox 321 1645 492 1686; x_wconf 87' lang='lat' dir='ltr'>territorio,</span> <span class='ocrx_word' id='word_1_225' title='bbox 516 1646 640 1689; x_wconf 90' lang='lat' dir='ltr'>oppidis</span> <span class='ocrx_word' id='word_1_226' title='bbox 657 1672 666 1686; x_wconf 89' lang='lat'><em>‚</em></span> <span class='ocrx_word' id='word_1_227' title='bbox 691 1645 790 1685; x_wconf 82' lang='lat' dir='ltr'>villis,</span> <span class='ocrx_word' id='word_1_228' title='bbox 815 1644 890 1677; x_wconf 92' lang='lat' dir='ltr'>locis</span> <span class='ocrx_word' id='word_1_229' title='bbox 907 1671 915 1684; x_wconf 85' lang='lat'>,</span> <span class='ocrx_word' id='word_1_230' title='bbox 940 1651 1062 1675; x_wconf 88' lang='lat' dir='ltr'>necnon</span> 
     </span>
     <span class='ocr_line' id='line_1_34' title="bbox 320 1695 1063 1741; baseline -0.004 -12"><span class='ocrx_word' id='word_1_231' title='bbox 320 1697 414 1737; x_wconf 88' lang='lat' dir='ltr'>clero,</span> <span class='ocrx_word' id='word_1_232' title='bbox 438 1698 554 1741; x_wconf 91' lang='lat' dir='ltr'>populo</span> <span class='ocrx_word' id='word_1_233' title='bbox 578 1702 607 1730; x_wconf 89' lang='lat' dir='ltr'>et</span> <span class='ocrx_word' id='word_1_234' title='bbox 631 1697 774 1740; x_wconf 89' lang='lat' dir='ltr'>personis</span> <span class='ocrx_word' id='word_1_235' title='bbox 797 1707 833 1729; x_wconf 87' lang='lat' dir='ltr'>ac</span> <span class='ocrx_word' id='word_1_236' title='bbox 855 1695 1063 1735; x_wconf 84' lang='lat' dir='ltr'>monasteriis,</span> 
     </span>
     <span class='ocr_line' id='line_1_35' title="bbox 325 1747 1064 1793; baseline -0.005 -10"><span class='ocrx_word' id='word_1_237' title='bbox 325 1750 464 1783; x_wconf 86' lang='lat' dir='ltr'>ecclesiis</span> <span class='ocrx_word' id='word_1_238' title='bbox 479 1777 488 1791; x_wconf 91' lang='lat'><em>‚</em></span> <span class='ocrx_word' id='word_1_239' title='bbox 512 1750 650 1793; x_wconf 77' lang='lat' dir='ltr'>collegiis</span> <span class='ocrx_word' id='word_1_240' title='bbox 673 1755 701 1782; x_wconf 89' lang='lat' dir='ltr'>et</span> <span class='ocrx_word' id='word_1_241' title='bbox 726 1749 787 1792; x_wconf 91' lang='lat' dir='ltr'>piis</span> <span class='ocrx_word' id='word_1_242' title='bbox 810 1748 885 1781; x_wconf 78' lang='lat' dir='ltr'>locis</span> <span class='ocrx_word' id='word_1_243' title='bbox 910 1759 944 1780; x_wconf 87' lang='lat' dir='ltr'>ac</span> <span class='ocrx_word' id='word_1_244' title='bbox 970 1747 1064 1779; x_wconf 86' lang='lat' dir='ltr'>bene-</span> 
     </span>
     <span class='ocr_line' id='line_1_36' title="bbox 323 1801 1064 1843; baseline -0.007 -7"><span class='ocrx_word' id='word_1_245' title='bbox 323 1802 408 1836; x_wconf 90' lang='lat' dir='ltr'>ficiis</span> <span class='ocrx_word' id='word_1_246' title='bbox 431 1802 672 1843; x_wconf 87' lang='lat' dir='ltr'>ecclesiasticis,</span> <span class='ocrx_word' id='word_1_247' title='bbox 697 1801 909 1834; x_wconf 82' lang='lat' dir='ltr'>saecularibus</span> <span class='ocrx_word' id='word_1_248' title='bbox 933 1805 963 1832; x_wconf 86' lang='lat' dir='ltr'>et</span> <span class='ocrx_word' id='word_1_249' title='bbox 988 1809 1064 1842; x_wconf 91' lang='lat' dir='ltr'>quo-</span> 
     </span>
     <span class='ocr_line' id='line_1_37' title="bbox 319 1851 1064 1897; baseline -0.009 -7"><span class='ocrx_word' id='word_1_250' title='bbox 319 1856 441 1890; x_wconf 84' lang='lat' dir='ltr'>rumvis</span> <span class='ocrx_word' id='word_1_251' title='bbox 464 1856 618 1890; x_wconf 89' lang='lat' dir='ltr'>Ordinum</span> <span class='ocrx_word' id='word_1_252' title='bbox 643 1854 850 1897; x_wconf 82' lang='lat' dir='ltr'>regularibus,</span> <span class='ocrx_word' id='word_1_253' title='bbox 869 1853 909 1885; x_wconf 87' lang='lat' dir='ltr'>ab</span> <span class='ocrx_word' id='word_1_254' title='bbox 933 1851 1064 1885; x_wconf 86' lang='lat' dir='ltr'>ccclesia</span> 
     </span>
     <span class='ocr_line' id='line_1_38' title="bbox 322 1906 1065 1949; baseline -0.008 -7"><span class='ocrx_word' id='word_1_255' title='bbox 322 1910 351 1943; x_wconf 87' lang='lat' dir='ltr'>S.</span> <span class='ocrx_word' id='word_1_256' title='bbox 379 1908 546 1942; x_wconf 85' lang='lat' dir='ltr'>Salvatoris</span> <span class='ocrx_word' id='word_1_257' title='bbox 569 1912 600 1941; x_wconf 87' lang='lat' dir='ltr'>et</span> <span class='ocrx_word' id='word_1_258' title='bbox 624 1907 758 1941; x_wconf 88' lang='lat' dir='ltr'>dioecesi</span> <span class='ocrx_word' id='word_1_259' title='bbox 794 1906 964 1949; x_wconf 88' lang='lat' dir='ltr'>praedictis</span> <span class='ocrx_word' id='word_1_260' title='bbox 994 1915 1065 1948; x_wconf 91' lang='lat' dir='ltr'>per-</span> 
     </span>
     <span class='ocr_line' id='line_1_39' title="bbox 322 1959 1065 2006; baseline -0.011 -10"><span class='ocrx_word' id='word_1_261' title='bbox 322 1968 420 2006; x_wconf 89' lang='lat' dir='ltr'>petuo</span> <span class='ocrx_word' id='word_1_262' title='bbox 455 1972 637 2005; x_wconf 69' lang='lat' dir='ltr'>separamus</span> <span class='ocrx_word' id='word_1_263' title='bbox 667 1966 698 1993; x_wconf 89' lang='lat' dir='ltr'>et</span> <span class='ocrx_word' id='word_1_264' title='bbox 722 1959 986 1993; x_wconf 84' lang='lat' dir='ltr'>dismembramus</span> <span class='ocrx_word' id='word_1_265' title='bbox 1004 1984 1011 1997; x_wconf 81' lang='lat'>,</span> <span class='ocrx_word' id='word_1_266' title='bbox 1036 1962 1065 1988; x_wconf 85' lang='lat' dir='ltr'>et</span> 
     </span>
     <span class='ocr_line' id='line_1_40' title="bbox 323 2011 1065 2054; baseline -0.011 -6"><span class='ocrx_word' id='word_1_267' title='bbox 323 2016 363 2048; x_wconf 91' lang='lat' dir='ltr'>ab</span> <span class='ocrx_word' id='word_1_268' title='bbox 386 2015 473 2048; x_wconf 88' lang='lat' dir='ltr'>omni</span> <span class='ocrx_word' id='word_1_269' title='bbox 497 2014 702 2054; x_wconf 86' lang='lat' dir='ltr'>subiectione,</span> <span class='ocrx_word' id='word_1_270' title='bbox 726 2011 952 2050; x_wconf 86' lang='lat' dir='ltr'>iurisdictione,</span> <span class='ocrx_word' id='word_1_271' title='bbox 974 2019 1065 2051; x_wconf 81' lang='lat' dir='ltr'>supe-</span> 
     </span>
     <span class='ocr_line' id='line_1_41' title="bbox 324 2063 1066 2108; baseline -0.009 -8"><span class='ocrx_word' id='word_1_272' title='bbox 324 2068 466 2101; x_wconf 88' lang='lat' dir='ltr'>rioritate</span> <span class='ocrx_word' id='word_1_273' title='bbox 484 2095 491 2108; x_wconf 95' lang='lat'>‚</span> <span class='ocrx_word' id='word_1_274' title='bbox 515 2066 711 2100; x_wconf 86' lang='lat' dir='ltr'>correctione</span> <span class='ocrx_word' id='word_1_275' title='bbox 725 2092 733 2105; x_wconf 92' lang='lat'>,</span> <span class='ocrx_word' id='word_1_276' title='bbox 756 2063 933 2098; x_wconf 75' lang='lat' dir='ltr'>visitatione</span> <span class='ocrx_word' id='word_1_277' title='bbox 957 2067 987 2095; x_wconf 85' lang='lat' dir='ltr'>et</span> <span class='ocrx_word' id='word_1_278' title='bbox 1011 2071 1066 2105; x_wconf 87' lang='lat' dir='ltr'>po-</span> 
     </span>
     <span class='ocr_line' id='line_1_42' title="bbox 324 2113 1061 2163; baseline -0.014 -9"><span class='ocrx_word' id='word_1_279' title='bbox 324 2126 433 2154; x_wconf 80' lang='lat' dir='ltr'>testate</span> <span class='ocrx_word' id='word_1_280' title='bbox 457 2131 515 2163; x_wconf 89' lang='lat' dir='ltr'>pro</span> <span class='ocrx_word' id='word_1_281' title='bbox 551 2125 690 2162; x_wconf 86' lang='lat' dir='ltr'>tempore</span> <span class='ocrx_word' id='word_1_282' title='bbox 728 2116 889 2151; x_wconf 82' lang='lat' dir='ltr'>existentis</span> <span class='ocrx_word' id='word_1_283' title='bbox 924 2113 1061 2158; x_wconf 79' lang='lat' dir='ltr'>episcopi</span> 
     </span>
     <span class='ocr_line' id='line_1_43' title="bbox 325 2167 1063 2214; baseline -0.014 -7"><span class='ocrx_word' id='word_1_284' title='bbox 325 2174 430 2207; x_wconf 83' lang='lat' dir='ltr'>Sancti</span> <span class='ocrx_word' id='word_1_285' title='bbox 455 2173 621 2207; x_wconf 76' lang='lat' dir='ltr'>Salvatoris</span> <span class='ocrx_word' id='word_1_286' title='bbox 655 2171 785 2214; x_wconf 88' lang='lat' dir='ltr'>eiusque</span> <span class='ocrx_word' id='word_1_287' title='bbox 820 2167 1010 2201; x_wconf 77' lang='lat' dir='ltr'>vicarIOrum</span> <span class='ocrx_word' id='word_1_288' title='bbox 1035 2172 1063 2198; x_wconf 89' lang='lat' dir='ltr'>et</span> 
     </span>
     <span class='ocr_line' id='line_1_44' title="bbox 325 2223 1062 2265; baseline -0.009 -7"><span class='ocrx_word' id='word_1_289' title='bbox 325 2226 516 2265; x_wconf 84' lang='lat' dir='ltr'>officialium,</span> <span class='ocrx_word' id='word_1_290' title='bbox 533 2237 568 2258; x_wconf 86' lang='lat' dir='ltr'>ac</span> <span class='ocrx_word' id='word_1_291' title='bbox 585 2236 603 2258; x_wconf 88' lang='lat' dir='ltr'>a</span> <span class='ocrx_word' id='word_1_292' title='bbox 619 2223 773 2257; x_wconf 89' lang='lat' dir='ltr'>solutione</span> <span class='ocrx_word' id='word_1_293' title='bbox 790 2230 1062 2265; x_wconf 84' lang='lat' dir='ltr'>quorumcumque</span> 
     </span>
     <span class='ocr_line' id='line_1_45' title="bbox 326 2272 1063 2321; baseline -0.009 -11"><span class='ocrx_word' id='word_1_294' title='bbox 326 2278 445 2310; x_wconf 89' lang='lat' dir='ltr'>iurium</span> <span class='ocrx_word' id='word_1_295' title='bbox 469 2278 571 2310; x_wconf 84' lang='lat' dir='ltr'>cidem</span> <span class='ocrx_word' id='word_1_296' title='bbox 605 2276 752 2321; x_wconf 89' lang='lat' dir='ltr'>episcopo</span> <span class='ocrx_word' id='word_1_297' title='bbox 786 2280 816 2308; x_wconf 87' lang='lat' dir='ltr'>et</span> <span class='ocrx_word' id='word_1_298' title='bbox 840 2273 959 2307; x_wconf 82' lang='lat' dir='ltr'>dilectis</span> <span class='ocrx_word' id='word_1_299' title='bbox 991 2272 1063 2303; x_wconf 74' lang='lat' dir='ltr'>filiis</span> 
     </span>
     <span class='ocr_line' id='line_1_46' title="bbox 326 2326 1064 2373; baseline -0.005 -11"><span class='ocrx_word' id='word_1_300' title='bbox 326 2329 462 2373; x_wconf 88' lang='lat' dir='ltr'>capitulo</span> <span class='ocrx_word' id='word_1_301' title='bbox 486 2330 586 2363; x_wconf 86' lang='lat' dir='ltr'>dictae</span> <span class='ocrx_word' id='word_1_302' title='bbox 609 2329 756 2363; x_wconf 80' lang='lat' dir='ltr'>ecclesiae</span> <span class='ocrx_word' id='word_1_303' title='bbox 773 2328 878 2362; x_wconf 86' lang='lat' dir='ltr'>Sancti</span> <span class='ocrx_word' id='word_1_304' title='bbox 896 2326 1064 2361; x_wconf 78' lang='lat' dir='ltr'>Salvatoris</span> 
     </span>
     <span class='ocr_line' id='line_1_47' title="bbox 326 2380 1062 2426; baseline -0.005 -11"><span class='ocrx_word' id='word_1_305' title='bbox 326 2394 384 2426; x_wconf 90' lang='lat' dir='ltr'>per</span> <span class='ocrx_word' id='word_1_306' title='bbox 407 2384 537 2423; x_wconf 74' lang='lat' dir='ltr'>clerum,</span> <span class='ocrx_word' id='word_1_307' title='bbox 562 2384 712 2426; x_wconf 90' lang='lat' dir='ltr'>populum</span> <span class='ocrx_word' id='word_1_308' title='bbox 736 2387 765 2415; x_wconf 86' lang='lat' dir='ltr'>et</span> <span class='ocrx_word' id='word_1_309' title='bbox 790 2392 940 2426; x_wconf 88' lang='lat' dir='ltr'>personas</span> <span class='ocrx_word' id='word_1_310' title='bbox 964 2380 1062 2413; x_wconf 84' lang='lat' dir='ltr'>Fluvii</span> 
     </span>
     <span class='ocr_line' id='line_1_48' title="bbox 327 2433 1061 2476; baseline -0.003 -9"><span class='ocrx_word' id='word_1_311' title='bbox 327 2436 465 2468; x_wconf 84' lang='lat' dir='ltr'>Ianuarii</span> <span class='ocrx_word' id='word_1_312' title='bbox 486 2435 676 2476; x_wconf 83' lang='lat' dir='ltr'>huiusmodi,</span> <span class='ocrx_word' id='word_1_313' title='bbox 702 2435 824 2469; x_wconf 86' lang='lat' dir='ltr'>ratione</span> <span class='ocrx_word' id='word_1_314' title='bbox 848 2433 1061 2473; x_wconf 78' lang='lat' dir='ltr'>subiectionis,</span> 
     </span>
     <span class='ocr_line' id='line_1_49' title="bbox 329 2487 1063 2534; baseline -0.004 -12"><span class='ocrx_word' id='word_1_315' title='bbox 329 2490 564 2530; x_wconf 81' lang='lat' dir='ltr'>iurisdictionis,</span> <span class='ocrx_word' id='word_1_316' title='bbox 589 2489 821 2534; x_wconf 87' lang='lat' dir='ltr'>superioritatis</span> <span class='ocrx_word' id='word_1_317' title='bbox 845 2493 896 2522; x_wconf 90' lang='lat' dir='ltr'>aut</span> <span class='ocrx_word' id='word_1_318' title='bbox 914 2487 1063 2521; x_wconf 82' lang='lat' dir='ltr'>visitatio-</span> 
     </span>
     <span class='ocr_line' id='line_1_50' title="bbox 331 2542 1066 2587; baseline -0.004 -11"><span class='ocrx_word' id='word_1_319' title='bbox 331 2543 389 2584; x_wconf 89' lang='lat' dir='ltr'>nis,</span> <span class='ocrx_word' id='word_1_320' title='bbox 414 2543 508 2577; x_wconf 86' lang='lat' dir='ltr'>etiam</span> <span class='ocrx_word' id='word_1_321' title='bbox 532 2544 702 2581; x_wconf 86' lang='lat' dir='ltr'>dioecesis;</span> <span class='ocrx_word' id='word_1_322' title='bbox 727 2544 771 2576; x_wconf 87' lang='lat' dir='ltr'>ita</span> <span class='ocrx_word' id='word_1_323' title='bbox 794 2543 878 2587; x_wconf 90' lang='lat' dir='ltr'>quod</span> <span class='ocrx_word' id='word_1_324' title='bbox 902 2542 940 2575; x_wconf 90' lang='lat' dir='ltr'>de</span> <span class='ocrx_word' id='word_1_325' title='bbox 963 2546 1066 2574; x_wconf 87' lang='lat' dir='ltr'>cetero</span> 
     </span>
    </p>
   </div>
   <div class='ocr_carea' id='block_1_9' title="bbox 331 2595 1088 2641">
    <p class='ocr_par' dir='ltr' id='par_1_11' title="bbox 331 2595 1088 2641">
     <span class='ocr_line' id='line_1_51' title="bbox 331 2595 1088 2641; baseline -0.003 -10"><span class='ocrx_word' id='word_1_326' title='bbox 331 2598 510 2640; x_wconf 87' lang='lat' dir='ltr'>praedictus</span> <span class='ocrx_word' id='word_1_327' title='bbox 534 2598 696 2641; x_wconf 84' lang='lat' dir='ltr'>episcopus</span> <span class='ocrx_word' id='word_1_328' title='bbox 721 2597 825 2631; x_wconf 86' lang='lat' dir='ltr'>Sancti</span> <span class='ocrx_word' id='word_1_329' title='bbox 852 2595 1020 2631; x_wconf 80' lang='lat' dir='ltr'>Salvatoris</span> <span class='ocrx_word' id='word_1_330' title='bbox 1036 2606 1088 2636; x_wconf 80' lang='lat' dir='ltr'>a·¹</span> 
     </span>
    </p>
   </div>
   <div class='ocr_carea' id='block_1_10' title="bbox 1075 1227 1082 1346">
    <p class='ocr_par' dir='ltr' id='par_1_12' title="bbox 1075 1227 1082 1346">
     <span class='ocr_line' id='line_1_52' title="bbox 1075 1227 1082 1346; baseline 0 0"><span class='ocrx_word' id='word_1_331' title='bbox 1075 1227 1082 1346; x_wconf 95' lang='lat' dir='ltr'> </span> 
     </span>
    </p>
   </div>
   <div class='ocr_carea' id='block_1_11' title="bbox 1076 1401 1081 1581">
    <p class='ocr_par' dir='ltr' id='par_1_13' title="bbox 1076 1401 1081 1581">
     <span class='ocr_line' id='line_1_53' title="bbox 1076 1401 1081 1581; baseline 0 1647"><span class='ocrx_word' id='word_1_332' title='bbox 1076 1401 1081 1581; x_wconf 95' lang='lat' dir='ltr'> </span> 
     </span>
    </p>
   </div>
   <div class='ocr_carea' id='block_1_12' title="bbox 1091 905 1835 1158">
    <p class='ocr_par' dir='ltr' id='par_1_14' title="bbox 1091 905 1835 1158">
     <span class='ocr_line' id='line_1_54' title="bbox 1091 905 1834 947; baseline 0.003 -11"><span class='ocrx_word' id='word_1_333' title='bbox 1091 909 1169 945; x_wconf 89' lang='lat' dir='ltr'>etus,</span> <span class='ocrx_word' id='word_1_334' title='bbox 1194 905 1334 937; x_wconf 87' lang='lat' dir='ltr'>redditus</span> <span class='ocrx_word' id='word_1_335' title='bbox 1352 932 1360 945; x_wconf 96' lang='lat'>,</span> <span class='ocrx_word' id='word_1_336' title='bbox 1384 911 1555 947; x_wconf 84' lang='lat' dir='ltr'>proventus</span> <span class='ocrx_word' id='word_1_337' title='bbox 1571 932 1579 946; x_wconf 97' lang='lat'>,</span> <span class='ocrx_word' id='word_1_338' title='bbox 1603 905 1691 946; x_wconf 83' lang='lat' dir='ltr'>iura,</span> <span class='ocrx_word' id='word_1_339' title='bbox 1714 905 1834 940; x_wconf 87' lang='lat' dir='ltr'>obven-</span> 
     </span>
     <span class='ocr_line' id='line_1_55' title="bbox 1093 956 1834 1000; baseline 0.003 -12"><span class='ocrx_word' id='word_1_340' title='bbox 1093 956 1194 989; x_wconf 88' lang='lat' dir='ltr'>tiones</span> <span class='ocrx_word' id='word_1_341' title='bbox 1216 961 1247 989; x_wconf 87' lang='lat' dir='ltr'>ct</span> <span class='ocrx_word' id='word_1_342' title='bbox 1269 958 1481 990; x_wconf 87' lang='lat' dir='ltr'>emolumenta</span> <span class='ocrx_word' id='word_1_343' title='bbox 1505 967 1562 1000; x_wconf 89' lang='lat' dir='ltr'>per</span> <span class='ocrx_word' id='word_1_344' title='bbox 1585 967 1658 990; x_wconf 93' lang='lat' dir='ltr'>eum</span> <span class='ocrx_word' id='word_1_345' title='bbox 1674 957 1708 989; x_wconf 90' lang='lat' dir='ltr'>in</span> <span class='ocrx_word' id='word_1_346' title='bbox 1726 957 1834 991; x_wconf 88' lang='lat' dir='ltr'>Fluvio</span> 
     </span>
     <span class='ocr_line' id='line_1_56' title="bbox 1092 1008 1832 1052; baseline 0.001 -11"><span class='ocrx_word' id='word_1_347' title='bbox 1092 1009 1228 1042; x_wconf 81' lang='lat' dir='ltr'>Ianuarii</span> <span class='ocrx_word' id='word_1_348' title='bbox 1262 1009 1407 1052; x_wconf 88' lang='lat' dir='ltr'>illiusque</span> <span class='ocrx_word' id='word_1_349' title='bbox 1442 1009 1587 1042; x_wconf 87' lang='lat' dir='ltr'>terminis</span> <span class='ocrx_word' id='word_1_350' title='bbox 1603 1036 1610 1050; x_wconf 91' lang='lat'>,</span> <span class='ocrx_word' id='word_1_351' title='bbox 1636 1008 1806 1042; x_wconf 84' lang='lat' dir='ltr'>territoriis</span> <span class='ocrx_word' id='word_1_352' title='bbox 1823 1035 1832 1050; x_wconf 92' lang='lat'>,</span> 
     </span>
     <span class='ocr_line' id='line_1_57' title="bbox 1092 1061 1835 1106; baseline -0.001 -11"><span class='ocrx_word' id='word_1_353' title='bbox 1092 1062 1226 1106; x_wconf 89' lang='lat' dir='ltr'>oppidis,</span> <span class='ocrx_word' id='word_1_354' title='bbox 1251 1063 1330 1096; x_wconf 90' lang='lat' dir='ltr'>villis</span> <span class='ocrx_word' id='word_1_355' title='bbox 1353 1067 1383 1095; x_wconf 89' lang='lat' dir='ltr'>et</span> <span class='ocrx_word' id='word_1_356' title='bbox 1407 1063 1483 1095; x_wconf 89' lang='lat' dir='ltr'>locis</span> <span class='ocrx_word' id='word_1_357' title='bbox 1506 1062 1686 1105; x_wconf 88' lang='lat' dir='ltr'>praedictis,</span> <span class='ocrx_word' id='word_1_358' title='bbox 1710 1061 1835 1094; x_wconf 86' lang='lat' dir='ltr'>ratione</span> 
     </span>
     <span class='ocr_line' id='line_1_58' title="bbox 1093 1113 1832 1158; baseline 0 -11"><span class='ocrx_word' id='word_1_359' title='bbox 1093 1115 1282 1148; x_wconf 83' lang='lat' dir='ltr'>visitationis</span> <span class='ocrx_word' id='word_1_360' title='bbox 1304 1121 1359 1147; x_wconf 86' lang='lat' dir='ltr'>aut</span> <span class='ocrx_word' id='word_1_361' title='bbox 1382 1115 1458 1158; x_wconf 85' lang='lat' dir='ltr'>legis</span> <span class='ocrx_word' id='word_1_362' title='bbox 1482 1114 1644 1155; x_wconf 88' lang='lat' dir='ltr'>dioecesis,</span> <span class='ocrx_word' id='word_1_363' title='bbox 1668 1113 1832 1157; x_wconf 80' lang='lat' dir='ltr'>percipere</span> 
     </span>
    </p>
   </div>
   <div class='ocr_carea' id='block_1_13' title="bbox 1077 1158 1834 1224">
    <p class='ocr_par' dir='ltr' id='par_1_15' title="bbox 1077 1158 1834 1224">
     <span class='ocr_line' id='line_1_59' title="bbox 1077 1158 1834 1224; baseline -0.001 -24"><span class='ocrx_word' id='word_1_364' title='bbox 1077 1158 1270 1224; x_wconf 63' lang='lat' dir='ltr'>{nullatenus</span> <span class='ocrx_word' id='word_1_365' title='bbox 1293 1167 1401 1211; x_wconf 87' lang='lat' dir='ltr'>possit,</span> <span class='ocrx_word' id='word_1_366' title='bbox 1417 1168 1501 1200; x_wconf 78' lang='lat' dir='ltr'>dicta</span> <span class='ocrx_word' id='word_1_367' title='bbox 1524 1166 1721 1207; x_wconf 86' lang='lat' dir='ltr'>auctoritate,</span> <span class='ocrx_word' id='word_1_368' title='bbox 1737 1166 1834 1200; x_wconf 91' lang='lat' dir='ltr'>etiam</span> 
     </span>
    </p>
   </div>
   <div class='ocr_carea' id='block_1_14' title="bbox 1092 1218 1842 2639">
    <p class='ocr_par' dir='ltr' id='par_1_16' title="bbox 1092 1218 1842 2415">
     <span class='ocr_line' id='line_1_60' title="bbox 1093 1218 1832 1263; baseline 0 -12"><span class='ocrx_word' id='word_1_369' title='bbox 1093 1224 1253 1263; x_wconf 89' lang='lat' dir='ltr'>perpetuo,</span> <span class='ocrx_word' id='word_1_370' title='bbox 1267 1219 1433 1252; x_wconf 79' lang='lat' dir='ltr'>eximimus</span> <span class='ocrx_word' id='word_1_371' title='bbox 1449 1223 1479 1252; x_wconf 85' lang='lat' dir='ltr'>et</span> <span class='ocrx_word' id='word_1_372' title='bbox 1496 1219 1633 1252; x_wconf 88' lang='lat' dir='ltr'>totaliter</span> <span class='ocrx_word' id='word_1_373' title='bbox 1648 1218 1832 1258; x_wconf 86' lang='lat' dir='ltr'>liberamus;</span> 
     </span>
     <span class='ocr_line' id='line_1_61' title="bbox 1092 1269 1829 1316; baseline -0.004 -11"><span class='ocrx_word' id='word_1_374' title='bbox 1092 1272 1255 1316; x_wconf 90' lang='lat' dir='ltr'>ipsamque</span> <span class='ocrx_word' id='word_1_375' title='bbox 1278 1271 1471 1315; x_wconf 86' lang='lat' dir='ltr'>provinciam</span> <span class='ocrx_word' id='word_1_376' title='bbox 1495 1270 1593 1304; x_wconf 87' lang='lat' dir='ltr'>Fluvii</span> <span class='ocrx_word' id='word_1_377' title='bbox 1619 1269 1769 1316; x_wconf 32' lang='lat' dir='ltr'>tannarii.</span> <span class='ocrx_word' id='word_1_378' title='bbox 1783 1269 1829 1303; x_wconf 89' lang='lat' dir='ltr'>sic</span> 
     </span>
     <span class='ocr_line' id='line_1_62' title="bbox 1092 1321 1835 1368; baseline -0.005 -10"><span class='ocrx_word' id='word_1_379' title='bbox 1092 1330 1269 1368; x_wconf 87' lang='lat' dir='ltr'>separatam</span> <span class='ocrx_word' id='word_1_380' title='bbox 1292 1329 1322 1357; x_wconf 88' lang='lat' dir='ltr'>et</span> <span class='ocrx_word' id='word_1_381' title='bbox 1345 1323 1603 1357; x_wconf 80' lang='lat' dir='ltr'>dismembratam</span> <span class='ocrx_word' id='word_1_382' title='bbox 1627 1322 1660 1354; x_wconf 92' lang='lat' dir='ltr'>in</span> <span class='ocrx_word' id='word_1_383' title='bbox 1683 1321 1835 1355; x_wconf 88' lang='lat' dir='ltr'>vicariam</span> 
     </span>
     <span class='ocr_line' id='line_1_63' title="bbox 1092 1374 1836 1418; baseline -0.005 -8"><span class='ocrx_word' id='word_1_384' title='bbox 1092 1388 1147 1410; x_wconf 88' lang='lat' dir='ltr'>seu</span> <span class='ocrx_word' id='word_1_385' title='bbox 1181 1376 1489 1409; x_wconf 88' lang='lat' dir='ltr'>administrationem</span> <span class='ocrx_word' id='word_1_386' title='bbox 1530 1374 1727 1418; x_wconf 88' lang='lat' dir='ltr'>spiritualem</span> <span class='ocrx_word' id='word_1_387' title='bbox 1761 1384 1836 1418; x_wconf 88' lang='lat' dir='ltr'>pro-</span> 
     </span>
     <span class='ocr_line' id='line_1_64' title="bbox 1092 1426 1834 1471; baseline -0.004 -9"><span class='ocrx_word' id='word_1_388' title='bbox 1092 1430 1211 1464; x_wconf 79' lang='lat' dir='ltr'>vinciae</span> <span class='ocrx_word' id='word_1_389' title='bbox 1234 1429 1332 1463; x_wconf 85' lang='lat' dir='ltr'>Fluvii</span> <span class='ocrx_word' id='word_1_390' title='bbox 1355 1427 1493 1462; x_wconf 78' lang='lat' dir='ltr'>Ianuarii</span> <span class='ocrx_word' id='word_1_391' title='bbox 1519 1426 1776 1471; x_wconf 86' lang='lat' dir='ltr'>nuncupandam,</span> <span class='ocrx_word' id='word_1_392' title='bbox 1800 1430 1834 1460; x_wconf 86' lang='lat' dir='ltr'>et.</span> 
     </span>
     <span class='ocr_line' id='line_1_65' title="bbox 1092 1479 1836 1526; baseline -0.007 -9"><span class='ocrx_word' id='word_1_393' title='bbox 1092 1493 1149 1526; x_wconf 88' lang='lat' dir='ltr'>pro</span> <span class='ocrx_word' id='word_1_394' title='bbox 1172 1493 1236 1516; x_wconf 91' lang='lat' dir='ltr'>uno</span> <span class='ocrx_word' id='word_1_395' title='bbox 1259 1482 1442 1526; x_wconf 72' lang='lat' dir='ltr'>presbytero</span> <span class='ocrx_word' id='word_1_396' title='bbox 1459 1480 1610 1514; x_wconf 85' lang='lat' dir='ltr'>saeculari</span> <span class='ocrx_word' id='word_1_397' title='bbox 1633 1480 1681 1513; x_wconf 85' lang='lat' dir='ltr'>vel</span> <span class='ocrx_word' id='word_1_398' title='bbox 1697 1479 1836 1513; x_wconf 90' lang='lat' dir='ltr'>cuiusvis</span> 
     </span>
     <span class='ocr_line' id='line_1_66' title="bbox 1093 1532 1837 1579; baseline -0.008 -9"><span class='ocrx_word' id='word_1_399' title='bbox 1093 1536 1219 1570; x_wconf 87' lang='lat' dir='ltr'>Ordinis</span> <span class='ocrx_word' id='word_1_400' title='bbox 1242 1535 1379 1579; x_wconf 87' lang='lat' dir='ltr'>regulari</span> <span class='ocrx_word' id='word_1_401' title='bbox 1403 1534 1521 1567; x_wconf 87' lang='lat' dir='ltr'>vicario</span> <span class='ocrx_word' id='word_1_402' title='bbox 1553 1544 1608 1567; x_wconf 90' lang='lat' dir='ltr'>seu</span> <span class='ocrx_word' id='word_1_403' title='bbox 1631 1532 1837 1566; x_wconf 86' lang='lat' dir='ltr'>administra-</span> 
     </span>
     <span class='ocr_line' id='line_1_67' title="bbox 1094 1583 1835 1632; baseline -0.009 -9"><span class='ocrx_word' id='word_1_404' title='bbox 1094 1595 1160 1623; x_wconf 88' lang='lat' dir='ltr'>tore</span> <span class='ocrx_word' id='word_1_405' title='bbox 1177 1590 1211 1622; x_wconf 91' lang='lat' dir='ltr'>in</span> <span class='ocrx_word' id='word_1_406' title='bbox 1228 1587 1447 1632; x_wconf 84' lang='lat' dir='ltr'>spiritualibus</span> <span class='ocrx_word' id='word_1_407' title='bbox 1469 1585 1650 1630; x_wconf 87' lang='lat' dir='ltr'>provinciae</span> <span class='ocrx_word' id='word_1_408' title='bbox 1672 1583 1771 1617; x_wconf 86' lang='lat' dir='ltr'>Fluvii</span> <span class='ocrx_word' id='word_1_409' title='bbox 1786 1583 1835 1616; x_wconf 89' lang='lat' dir='ltr'>Ia-</span> 
     </span>
     <span class='ocr_line' id='line_1_68' title="bbox 1095 1636 1836 1684; baseline -0.008 -9"><span class='ocrx_word' id='word_1_410' title='bbox 1095 1642 1198 1675; x_wconf 88' lang='lat' dir='ltr'>nuarii</span> <span class='ocrx_word' id='word_1_411' title='bbox 1223 1640 1448 1684; x_wconf 87' lang='lat' dir='ltr'>nuncupando,</span> <span class='ocrx_word' id='word_1_412' title='bbox 1471 1639 1505 1672; x_wconf 92' lang='lat' dir='ltr'>in</span> <span class='ocrx_word' id='word_1_413' title='bbox 1529 1638 1688 1681; x_wconf 81' lang='lat' dir='ltr'>theologia</span> <span class='ocrx_word' id='word_1_414' title='bbox 1703 1648 1759 1671; x_wconf 88' lang='lat' dir='ltr'>seu</span> <span class='ocrx_word' id='word_1_415' title='bbox 1781 1636 1836 1670; x_wconf 90' lang='lat' dir='ltr'>de-</span> 
     </span>
     <span class='ocr_line' id='line_1_69' title="bbox 1093 1689 1837 1737; baseline -0.007 -9"><span class='ocrx_word' id='word_1_416' title='bbox 1093 1697 1186 1728; x_wconf 88' lang='lat' dir='ltr'>cretis</span> <span class='ocrx_word' id='word_1_417' title='bbox 1203 1695 1367 1737; x_wconf 87' lang='lat' dir='ltr'>graduato,</span> <span class='ocrx_word' id='word_1_418' title='bbox 1385 1693 1433 1726; x_wconf 81' lang='lat' dir='ltr'>vel</span> <span class='ocrx_word' id='word_1_419' title='bbox 1448 1692 1534 1733; x_wconf 87' lang='lat' dir='ltr'>alias,</span> <span class='ocrx_word' id='word_1_420' title='bbox 1551 1690 1679 1735; x_wconf 89' lang='lat' dir='ltr'>praevio</span> <span class='ocrx_word' id='word_1_421' title='bbox 1692 1689 1837 1724; x_wconf 82' lang='lat' dir='ltr'>examine</span> 
     </span>
     <span class='ocr_line' id='line_1_70' title="bbox 1094 1746 1835 1788; baseline -0.005 -8"><span class='ocrx_word' id='word_1_422' title='bbox 1094 1758 1147 1780; x_wconf 87' lang='lat' dir='ltr'>seu</span> <span class='ocrx_word' id='word_1_423' title='bbox 1171 1746 1289 1779; x_wconf 87' lang='lat' dir='ltr'>iudicio</span> <span class='ocrx_word' id='word_1_424' title='bbox 1312 1746 1534 1788; x_wconf 87' lang='lat' dir='ltr'>deputatorum</span> <span class='ocrx_word' id='word_1_425' title='bbox 1557 1748 1684 1777; x_wconf 83' lang='lat' dir='ltr'>senatus</span> <span class='ocrx_word' id='word_1_426' title='bbox 1707 1752 1835 1776; x_wconf 81' lang='lat' dir='ltr'>mensae</span> 
     </span>
     <span class='ocr_line' id='line_1_71' title="bbox 1094 1790 1834 1842; baseline -0.007 -10"><span class='ocrx_word' id='word_1_427' title='bbox 1094 1799 1199 1842; x_wconf 82' lang='lat' dir='ltr'>regiae</span> <span class='ocrx_word' id='word_1_428' title='bbox 1213 1826 1220 1840; x_wconf 92' lang='lat'>,</span> <span class='ocrx_word' id='word_1_429' title='bbox 1244 1797 1452 1832; x_wconf 87' lang='lat' dir='ltr'>conscientiae</span> <span class='ocrx_word' id='word_1_430' title='bbox 1475 1803 1505 1830; x_wconf 90' lang='lat' dir='ltr'>et</span> <span class='ocrx_word' id='word_1_431' title='bbox 1529 1796 1683 1830; x_wconf 87' lang='lat' dir='ltr'>Ordinum</span> <span class='ocrx_word' id='word_1_432' title='bbox 1703 1790 1834 1828; x_wconf 73' lang='lat' dir='ltr'>&#39;mititia-</span> 
     </span>
     <span class='ocr_line' id='line_1_72' title="bbox 1095 1848 1835 1894; baseline -0.004 -11"><span class='ocrx_word' id='word_1_433' title='bbox 1095 1861 1175 1891; x_wconf 90' lang='lat' dir='ltr'>rum,</span> <span class='ocrx_word' id='word_1_434' title='bbox 1200 1851 1234 1883; x_wconf 91' lang='lat' dir='ltr'>in</span> <span class='ocrx_word' id='word_1_435' title='bbox 1257 1861 1320 1894; x_wconf 90' lang='lat' dir='ltr'>quo</span> <span class='ocrx_word' id='word_1_436' title='bbox 1343 1850 1520 1894; x_wconf 88' lang='lat' dir='ltr'>complures</span> <span class='ocrx_word' id='word_1_437' title='bbox 1542 1848 1612 1890; x_wconf 85' lang='lat' dir='ltr'>viri,</span> <span class='ocrx_word' id='word_1_438' title='bbox 1637 1853 1701 1881; x_wconf 88' lang='lat' dir='ltr'>tam</span> <span class='ocrx_word' id='word_1_439' title='bbox 1725 1858 1835 1881; x_wconf 85' lang='lat' dir='ltr'>saecu-</span> 
     </span>
     <span class='ocr_line' id='line_1_73' title="bbox 1096 1900 1837 1947; baseline -0.004 -11"><span class='ocrx_word' id='word_1_440' title='bbox 1096 1904 1175 1936; x_wconf 86' lang='lat' dir='ltr'>larcs</span> <span class='ocrx_word' id='word_1_441' title='bbox 1199 1915 1294 1947; x_wconf 87' lang='lat' dir='ltr'>quam</span> <span class='ocrx_word' id='word_1_442' title='bbox 1317 1904 1488 1946; x_wconf 83' lang='lat' dir='ltr'>regulares,</span> <span class='ocrx_word' id='word_1_443' title='bbox 1512 1902 1689 1935; x_wconf 88' lang='lat' dir='ltr'>litterarum</span> <span class='ocrx_word' id='word_1_444' title='bbox 1705 1900 1837 1934; x_wconf 86' lang='lat' dir='ltr'>scientia</span> 
     </span>
     <span class='ocr_line' id='line_1_74' title="bbox 1097 1954 1838 1999; baseline -0.003 -10"><span class='ocrx_word' id='word_1_445' title='bbox 1097 1956 1300 1999; x_wconf 86' lang='lat' dir='ltr'>moribusque</span> <span class='ocrx_word' id='word_1_446' title='bbox 1323 1961 1354 1989; x_wconf 86' lang='lat' dir='ltr'>et</span> <span class='ocrx_word' id='word_1_447' title='bbox 1377 1956 1492 1988; x_wconf 89' lang='lat' dir='ltr'>virtute</span> <span class='ocrx_word' id='word_1_448' title='bbox 1516 1954 1656 1997; x_wconf 89' lang='lat' dir='ltr'>insignes</span> <span class='ocrx_word' id='word_1_449' title='bbox 1672 1954 1838 1997; x_wconf 88' lang='lat' dir='ltr'>reperiun-</span> 
     </span>
     <span class='ocr_line' id='line_1_75' title="bbox 1097 2006 1839 2051; baseline -0.004 -9"><span class='ocrx_word' id='word_1_450' title='bbox 1097 2017 1157 2051; x_wconf 83' lang='lat' dir='ltr'>tur,</span> <span class='ocrx_word' id='word_1_451' title='bbox 1182 2009 1301 2042; x_wconf 87' lang='lat' dir='ltr'>habiles</span> <span class='ocrx_word' id='word_1_452' title='bbox 1322 2014 1352 2041; x_wconf 90' lang='lat' dir='ltr'>et</span> <span class='ocrx_word' id='word_1_453' title='bbox 1376 2007 1480 2040; x_wconf 89' lang='lat' dir='ltr'>idonei</span> <span class='ocrx_word' id='word_1_454' title='bbox 1498 2007 1537 2040; x_wconf 88' lang='lat' dir='ltr'>ad</span> <span class='ocrx_word' id='word_1_455' title='bbox 1554 2007 1631 2040; x_wconf 88' lang='lat' dir='ltr'>alios</span> <span class='ocrx_word' id='word_1_456' title='bbox 1647 2006 1839 2048; x_wconf 79' lang='lat' dir='ltr'>docendum,</span> 
     </span>
     <span class='ocr_line' id='line_1_76' title="bbox 1096 2056 1838 2108; baseline -0.007 -12"><span class='ocrx_word' id='word_1_457' title='bbox 1096 2063 1280 2108; x_wconf 87' lang='lat' dir='ltr'>approbato,</span> <span class='ocrx_word' id='word_1_458' title='bbox 1304 2073 1339 2095; x_wconf 89' lang='lat' dir='ltr'>ac</span> <span class='ocrx_word' id='word_1_459' title='bbox 1362 2072 1419 2105; x_wconf 87' lang='lat' dir='ltr'>per</span> <span class='ocrx_word' id='word_1_460' title='bbox 1442 2061 1545 2104; x_wconf 88' lang='lat' dir='ltr'>ipsum</span> <span class='ocrx_word' id='word_1_461' title='bbox 1570 2056 1790 2093; x_wconf 82' lang='lat' dir='ltr'>Sebastianum</span> <span class='ocrx_word' id='word_1_462' title='bbox 1805 2062 1838 2092; x_wconf 84' lang='lat' dir='ltr'>et</span> 
     </span>
     <span class='ocr_line' id='line_1_77' title="bbox 1096 2111 1838 2159; baseline -0.009 -9"><span class='ocrx_word' id='word_1_463' title='bbox 1096 2127 1152 2159; x_wconf 88' lang='lat' dir='ltr'>pro</span> <span class='ocrx_word' id='word_1_464' title='bbox 1179 2122 1319 2159; x_wconf 88' lang='lat' dir='ltr'>tempore</span> <span class='ocrx_word' id='word_1_465' title='bbox 1354 2114 1538 2147; x_wconf 87' lang='lat' dir='ltr'>existentem</span> <span class='ocrx_word' id='word_1_466' title='bbox 1573 2111 1782 2155; x_wconf 87' lang='lat' dir='ltr'>Portugalliae</span> <span class='ocrx_word' id='word_1_467' title='bbox 1805 2115 1838 2144; x_wconf 76' lang='lat' dir='ltr'>et</span> 
     </span>
     <span class='ocr_line' id='line_1_78' title="bbox 1095 2164 1837 2213; baseline -0.009 -10"><span class='ocrx_word' id='word_1_468' title='bbox 1095 2170 1316 2213; x_wconf 81' lang='lat' dir='ltr'>Algarbiorum</span> <span class='ocrx_word' id='word_1_469' title='bbox 1328 2177 1436 2210; x_wconf 89' lang='lat' dir='ltr'>regem</span> <span class='ocrx_word' id='word_1_470' title='bbox 1450 2165 1611 2209; x_wconf 87' lang='lat' dir='ltr'>perpetuis</span> <span class='ocrx_word' id='word_1_471' title='bbox 1628 2164 1742 2198; x_wconf 81' lang='lat' dir='ltr'>futuris</span> <span class='ocrx_word' id='word_1_472' title='bbox 1758 2169 1837 2197; x_wconf 86' lang='lat' dir='ltr'>tem-</span> 
     </span>
     <span class='ocr_line' id='line_1_79' title="bbox 1096 2217 1837 2267; baseline -0.008 -12"><span class='ocrx_word' id='word_1_473' title='bbox 1096 2224 1250 2267; x_wconf 82' lang='lat' dir='ltr'>poribus,</span> <span class='ocrx_word' id='word_1_474' title='bbox 1274 2222 1370 2255; x_wconf 89' lang='lat' dir='ltr'>etiam</span> <span class='ocrx_word' id='word_1_475' title='bbox 1394 2220 1454 2253; x_wconf 88' lang='lat' dir='ltr'>hac</span> <span class='ocrx_word' id='word_1_476' title='bbox 1477 2219 1580 2263; x_wconf 90' lang='lat' dir='ltr'>prima</span> <span class='ocrx_word' id='word_1_477' title='bbox 1604 2217 1670 2251; x_wconf 87' lang='lat' dir='ltr'>vice</span> <span class='ocrx_word' id='word_1_478' title='bbox 1687 2245 1694 2256; x_wconf 88' lang='lat'>,</span> <span class='ocrx_word' id='word_1_479' title='bbox 1722 2217 1837 2258; x_wconf 88' lang='lat' dir='ltr'>libere,</span> 
     </span>
     <span class='ocr_line' id='line_1_80' title="bbox 1096 2267 1838 2317; baseline -0.012 -7"><span class='ocrx_word' id='word_1_480' title='bbox 1096 2278 1210 2310; x_wconf 86' lang='lat' dir='ltr'>nullius</span> <span class='ocrx_word' id='word_1_481' title='bbox 1227 2276 1266 2309; x_wconf 89' lang='lat' dir='ltr'>ad</span> <span class='ocrx_word' id='word_1_482' title='bbox 1279 2275 1312 2308; x_wconf 86' lang='lat' dir='ltr'>id</span> <span class='ocrx_word' id='word_1_483' title='bbox 1324 2273 1476 2317; x_wconf 85' lang='lat' dir='ltr'>requisito</span> <span class='ocrx_word' id='word_1_484' title='bbox 1493 2282 1658 2312; x_wconf 88' lang='lat' dir='ltr'>consensu,</span> <span class='ocrx_word' id='word_1_485' title='bbox 1679 2269 1775 2304; x_wconf 89' lang='lat' dir='ltr'>etiam</span> <span class='ocrx_word' id='word_1_486' title='bbox 1797 2267 1838 2301; x_wconf 89' lang='lat' dir='ltr'>ad</span> 
     </span>
     <span class='ocr_line' id='line_1_81' title="bbox 1098 2323 1842 2372; baseline -0.009 -10"><span class='ocrx_word' id='word_1_487' title='bbox 1098 2335 1220 2372; x_wconf 84' lang='lat' dir='ltr'>tempus</span> <span class='ocrx_word' id='word_1_488' title='bbox 1236 2328 1295 2361; x_wconf 88' lang='lat' dir='ltr'>sibi</span> <span class='ocrx_word' id='word_1_489' title='bbox 1309 2326 1504 2367; x_wconf 86' lang='lat' dir='ltr'>benevisum‚</span> <span class='ocrx_word' id='word_1_490' title='bbox 1522 2323 1702 2369; x_wconf 85' lang='lat' dir='ltr'>deputando</span> <span class='ocrx_word' id='word_1_491' title='bbox 1719 2327 1749 2356; x_wconf 84' lang='lat' dir='ltr'>et</span> <span class='ocrx_word' id='word_1_492' title='bbox 1765 2331 1842 2356; x_wconf 88' lang='lat' dir='ltr'>con-</span> 
     </span>
     <span class='ocr_line' id='line_1_82' title="bbox 1098 2383 1263 2415; baseline 0 0"><span class='ocrx_word' id='word_1_493' title='bbox 1098 2383 1263 2415; x_wconf 82' lang='lat' dir='ltr'>stituendo.</span> 
     </span>
    </p>

    <p class='ocr_par' dir='ltr' id='par_1_17' title="bbox 1099 2486 1840 2639">
     <span class='ocr_line' id='line_1_83' title="bbox 1100 2486 1437 2530; baseline -0.009 -9"><span class='ocrx_word' id='word_1_494' title='bbox 1100 2487 1278 2521; x_wconf 83' lang='lat' dir='ltr'>huiusmodi</span> <span class='ocrx_word' id='word_1_495' title='bbox 1302 2486 1410 2530; x_wconf 80' lang='lat' dir='ltr'>vigore</span> <span class='ocrx_word' id='word_1_496' title='bbox 1429 2512 1437 2526; x_wconf 96' lang='lat'>,</span> 
     </span>
     <span class='ocr_line' id='line_1_84' title="bbox 1099 2531 1840 2582; baseline -0.009 -8"><span class='ocrx_word' id='word_1_497' title='bbox 1099 2540 1257 2574; x_wconf 72' lang='lat' dir='ltr'>I&#39;ontilicis</span> <span class='ocrx_word' id='word_1_498' title='bbox 1292 2535 1339 2573; x_wconf 56' lang='lat' dir='ltr'>rel</span> <span class='ocrx_word' id='word_1_499' title='bbox 1363 2536 1500 2582; x_wconf 88' lang='lat' dir='ltr'>episcopi</span> <span class='ocrx_word' id='word_1_500' title='bbox 1532 2534 1634 2569; x_wconf 88' lang='lat' dir='ltr'>Sancti</span> <span class='ocrx_word' id='word_1_501' title='bbox 1671 2531 1840 2567; x_wconf 87' lang='lat' dir='ltr'>Salvatoris</span> 
     </span>
     <span class='ocr_line' id='line_1_85' title="bbox 1099 2586 1839 2639; baseline -0.014 -11"><span class='ocrx_word' id='word_1_502' title='bbox 1099 2605 1156 2639; x_wconf 91' lang='lat' dir='ltr'>pro</span> <span class='ocrx_word' id='word_1_503' title='bbox 1179 2599 1319 2637; x_wconf 84' lang='lat' dir='ltr'>tempore</span> <span class='ocrx_word' id='word_1_504' title='bbox 1343 2591 1503 2626; x_wconf 82' lang='lat' dir='ltr'>existentis</span> <span class='ocrx_word' id='word_1_505' title='bbox 1527 2594 1581 2623; x_wconf 87' lang='lat' dir='ltr'>aut</span> <span class='ocrx_word' id='word_1_506' title='bbox 1603 2586 1740 2621; x_wconf 85' lang='lat' dir='ltr'>cuiusvis</span> <span class='ocrx_word' id='word_1_507' title='bbox 1763 2586 1839 2620; x_wconf 85' lang='lat' dir='ltr'>alte-</span> 
     </span>
    </p>
   </div>
   <div class='ocr_carea' id='block_1_15' title="bbox 1941 263 2059 3228">
    <p class='ocr_par' dir='ltr' id='par_1_18' title="bbox 1941 263 2059 3228">
     <span class='ocr_line' id='line_1_86' title="bbox 1941 263 2059 3228; baseline 0 0"><span class='ocrx_word' id='word_1_508' title='bbox 1941 263 2059 3228; x_wconf 95' lang='lat' dir='ltr'> </span> 
     </span>
    </p>
   </div>
  </div>
 </body>
</html>
