2059 3228
45 1154 99 1178 Fncti
119 1155 194 1178 series.

827 244 1000 269 GREGORWS
1025 244 1078 267 Xlll
1105 244 1151 267 r‘P.

222 298 269 331 bis
289 298 461 332 commissa
481 298 626 331 omnium
645 298 759 331 Christi
776 299 970 341 populorum

221 362 311 393 cura,
334 363 448 395 inagna
468 363 525 385 cor
545 357 689 384 nostrum
706 352 824 383 exultat
839 351 968 391 laetitia,

221 415 295 437 eum
316 405 348 438 in
365 405 413 445 iis,
436 416 519 448 quae
540 406 578 438 :d
593 406 642 437 llei
666 406 760 437 tidem
782 410 809 437 et
832 405 968 448 gloriam

220 459 461 501 propagandam
493 458 638 490 instituta
668 464 696 491 et
728 458 849 491 directa
879 463 966 498 sunt,

220 517 406 555 susceptum
426 511 597 544 consilium
623 522 656 543 re
684 511 750 554 ipsa
776 512 968 554 corripi-olia-

221 569 283 604 tur,
302 569 344 605 et,
364 564 520 607 largiente
540 564 685 601 Domino,
702 569 845 607 optatum
866 564 969 596 cerni-

218 622 272 649 tur
296 617 544 651 incrementum.
576 618 665 656 Quod
692 628 796 661 nuper
825 629 884 650 usu
915 628 966 650 ve-

217 670 301 704 nisse
331 677 533 715 compertum
555 677 602 704 est
630 672 668 704 dc
691 671 812 703 militiis
832 672 966 703 Sancto-

217 735 290 757 rum
311 725 450 758 Mauritii
475 731 506 758 et
526 724 644 765 Lazari,
669 725 728 757 sub
752 724 873 767 Regula
886 726 966 757 Sau-

216 777 258 810 cti
278 778 450 821 Augustini
479 778 604 821 pridem
625 790 643 811 a
663 778 768 818 nobis,
795 783 965 822 postquam

215 831 348 864 alteram
374 831 627 870 institueramus,
648 832 804 864 suadente
825 832 966 864 necessi-

214 889 290 925 tate,
312 884 507 926 coniunctis,
530 896 566 918 ex
586 885 714 929 quibus,
736 890 770 918 ut
790 891 853 918 tam
879 896 967 928 egre-

213 938 303 980 gium
324 938 363 971 de
383 949 416 971 se
436 938 563 972 virtutis
583 939 748 981 specimen
767 939 911 979 emicuit,
924 939 967 972 ita

213 991 336 1025 maiora
356 991 389 1024 in
409 991 476 1026 dies
488 1003 656 1036 speramus
669 992 866 1036 reipublicae
883 992 966 1025 chri-

213 1045 336 1078 stianae
356 1046 528 1079 commoda
548 1051 756 1090 proventura.

257 1099 272 1142 ἓ
297 1098 328 1133 1.
351 1099 487 1139 Quidem
506 1105 579 1132 ante
599 1099 767 1133 biennium
792 1110 867 1133 cum
888 1100 967 1133 dile-

213 1157 282 1185 ctus
302 1152 389 1186 silius
401 1153 520 1186 nobilis
538 1153 585 1185 vir
598 1153 790 1187 Emmanuel
807 1153 966 1187 Philiher-

214 1211 276 1246 tus,
304 1205 484 1239 Sabaudiae
513 1206 575 1239 dux
592 1234 599 1247 ,
637 1218 774 1250 magnus
802 1207 964 1241 dictarum

213 1259 402 1292 militiarum
425 1260 587 1302 magister,
616 1271 675 1304 pro
704 1272 761 1293 sua
786 1260 906 1304 pletate
935 1268 966 1294 et

212 1312 397 1356 prudentia,
432 1313 644 1346 consideratis
677 1314 850 1357 diligenter
878 1314 964 1358 peri-

213 1365 295 1399 culis
320 1377 403 1410 quae
434 1366 614 1400 Sabaudiae
635 1372 666 1400 et
699 1368 815 1401 ceteris
834 1367 965 1401 ditionis

213 1430 289 1452 suae
309 1420 438 1463 populis
466 1420 506 1452 ab
533 1420 704 1454 haereticis
729 1421 964 1454 circumiacen-

213 1472 310 1514 tibus,
333 1479 364 1507 et
382 1473 572 1517 praesertim
590 1474 629 1507 ab
641 1474 778 1514 Genera,
793 1475 964 1508 haeresum

213 1527 312 1568 sonte,
339 1526 562 1567 imminebant,
585 1527 678 1560 nobis
698 1527 813 1571 exponi
838 1527 965 1561 fecisset

213 1589 258 1620 se,
272 1579 311 1612 ad
330 1580 503 1613 haecmala
524 1580 755 1624 propulsanda,
769 1581 850 1614 etad
869 1586 964 1614 tucn-

213 1633 284 1666 dam
306 1633 551 1677 augendamque
564 1634 753 1676 religionem
773 1634 964 1667 catholicam

213 1685 245 1718 in
266 1686 346 1720 locis
371 1686 431 1719 sibi
456 1687 621 1727 subiectis,
635 1698 755 1730 cupere
780 1693 827 1728 ut,
855 1699 891 1720 ex
909 1688 964 1721 de-

212 1740 304 1773 lectis
323 1740 427 1774 omnis
452 1741 580 1784 generis
594 1741 760 1774 christiani
781 1742 890 1785 populi
907 1742 966 1774 mi-

212 1793 334 1835 litibus,
359 1805 437 1834 una,
472 1806 508 1827 ex
537 1801 646 1828 sancta
671 1795 769 1828 huius
793 1795 883 1829 Sedis
907 1807 964 1828 au-

213 1847 373 1888 ctoritate,
396 1848 511 1881 militia
541 1848 600 1881 sub
625 1849 658 1881 B.
686 1849 826 1882 Mauritii
846 1855 965 1894 marty-

213 1900 258 1934 ris
277 1900 421 1934 eiusdem
434 1902 526 1934 ducis
541 1908 848 1946 antecessorumque
865 1902 966 1947 ipsius

216 1953 381 1997 praecipui
414 1955 606 1997 protectoris
632 1955 762 1988 nomine
787 1955 965 1989 conficere-

216 2011 278 2040 tur.
301 2007 376 2047 Nos,
405 2008 528 2052 optimo
558 2009 646 2041 illius
675 2008 811 2042 consilio
839 2020 876 2042 ac
896 2009 966 2053 ipso

216 2060 459 2105 maioribusque
493 2062 562 2096 eius
597 2062 783 2095 clarissimis
814 2067 844 2096 et
871 2074 966 2106 prae-

216 2115 419 2148 stantissimis
440 2115 643 2159 principibus
655 2116 752 2158 digno
763 2115 871 2149 animo
881 2127 967 2149 com-

218 2168 379 2208 mendato,
404 2169 637 2212 prospicientes
662 2169 764 2212 ipsam
785 2168 830 2202 sic
850 2169 967 2202 consti-

218 2222 369 2254 tuendam
396 2222 543 2254 militiam
569 2222 707 2255 maximo
733 2221 805 2255 usui
826 2227 856 2255 et
876 2233 968 2265 prae-

218 2274 299 2307 sidio
320 2275 388 2308 sore
409 2285 473 2307 non
494 2275 598 2308 solum
619 2275 799 2309 Sabaudiae
825 2275 967 2308 etPede-

219 2327 336 2360 montis
360 2328 546 2371 provini-iis,
573 2330 626 2361 sed
649 2329 706 2361 toti
727 2329 824 2361 etiam
845 2329 965 2368 ltaliae,

219 2381 258 2414 ad
291 2381 495 2414 sustinendos
530 2387 560 2413 et
589 2381 816 2424 propellendos
841 2382 968 2424 quosvis

219 2428 455 2463 haereticorum
485 2435 513 2461 et
537 2429 716 2462 infidelium
752 2430 905 2472 impetus,
932 2441 969 2463 ac

219 2478 495 2522 opportunissimi!
503 2489 531 2509 m
542 2478 584 2509 ihi
594 2479 889 2521 propugnaculum,
900 2490 970 2511 rnu-

220 2527 400 2560 nimentuni
423 2532 453 2559 et
477 2527 632 2559 auxilium
654 2527 832 2567 habituros,
844 2538 969 2570 nosque

221 2582 252 2610 et
266 2576 439 2609 Ecclesiam
453 2576 626 2608 Romanam
640 2586 675 2607 ac
690 2575 867 2608 universam
886 2576 971 2608 chri-

984 1955 989 2020 l

1651 237 1715 271 545,

1013 295 1102 336 bore,
1131 297 1331 341 maximaque
1357 300 1426 331 talis
1457 300 1547 333 ducis
1576 301 1689 336 virtute
1722 315 1760 337 ac

1012 360 1138 382 summa
1164 360 1270 382 rerum
1303 352 1490 385 bellicarum
1526 354 1661 397 peritia,
1691 368 1759 390 ma-

1011 413 1111 445 gnum
1137 402 1358 437 adiiirint=nn=rn
1381 412 1569 450 recepturos
1584 419 1664 450 esse,
1690 410 1759 444 dic-

1013 455 1100 498 tique
1111 456 1507 492 Emmanuelisl'liililwrti
1528 461 1618 494 ducis
1635 463 1759 507 suppli-

1011 508 1192 541 cationibus
1212 510 1369 551 inclinati,
1401 513 1439 544 ad
1470 514 1598 547 laudem
1628 521 1659 548 et
1688 517 1758 559 glo-

1010 562 1090 594 riam
1117 562 1171 595 Dci
1193 565 1434 607 omnipotentis,
1457 578 1493 599 ac
1517 568 1592 600 fidei
1622 569 1758 602 catholi-

1010 626 1065 648 cae
1091 616 1123 648 in
1140 616 1234 649 dietis
1255 618 1431 651 Sabaudiae
1452 620 1696 656 etPedemontis
1708 612 1757 656 ress

1009 669 1400 712 gioniliusdefensionem,
1423 673 1634 708 acuniversac
1650 676 1757 708 Italiac

1010 722 1172 765 totiusque
1197 724 1390 757 christianae
1406 725 1603 769 reipublicae
1622 729 1756 762 salutem

1010 781 1041 808 et
1061 777 1282 817 commodum,
1311 788 1408 810 unam
1434 779 1592 820 militiam,
1623 782 1682 814 sub
1708 782 1757 814 in-

1008 829 1174 861 vocatione
1196 830 1304 862 Sancti
1325 831 1461 864 Mauritii
1486 834 1633 877 martyris
1652 840 1683 867 et
1699 835 1758 867 Re-

1008 884 1082 926 gula
1122 883 1337 926 Cistcrciensi,
1374 896 1432 929 per
1459 886 1645 920 universum
1670 888 1756 921 chri-

1008 937 1146 969 stianum
1173 937 1298 976 orbem,
1321 937 1412 971 cuius
1437 949 1588 983 suprema
1612 941 1704 974 sedes
1727 947 1758 974 et

1008 991 1147 1023 militum
1180 998 1356 1024 conventus
1385 992 1417 1025 in
1456 994 1528 1026 loco
1563 994 1602 1027 ab
1640 995 1753 1028 eodem

1007 1043 1217 1077 Emmanuele
1243 1045 1420 1078 Philiberto
1441 1046 1522 1079 duce
1544 1047 1575 1079 in
1597 1047 1757 1080 Sahaudia

1007 1098 1177 1130 statuendo
1203 1104 1232 1131 et
1266 1099 1457 1142 assignando
1481 1106 1638 1144 perpetuo
1663 1107 1754 1140 esset;

1007 1157 1038 1185 et
1058 1152 1092 1183 in
1118 1151 1186 1195 ipsa
1207 1153 1321 1185 militia
1332 1164 1433 1185 unum
1450 1154 1670 1197 magistratum
1688 1166 1755 1186 ma-

1006 1215 1105 1248 gnum
1144 1206 1325 1238 vocandum
1343 1234 1351 1247 ‚
1393 1218 1578 1251 supremam
1612 1208 1755 1241 eiusdem

1008 1258 1140 1291 militiae
1165 1259 1366 1302 dignitatem,
1402 1271 1460 1303 pro
1489 1271 1555 1294 uno
1589 1260 1753 1303 magistro,

1006 1312 1062 1355 qui
1082 1312 1170 1345 illius
1191 1319 1289 1357 caput
1309 1318 1403 1354 esset,
1426 1324 1501 1346 cum
1530 1324 1588 1355 eo,
1616 1313 1670 1358 qui
1696 1314 1755 1347 sibi

1007 1365 1157 1408 expedire
1176 1366 1352 1406 videretur,
1381 1366 1518 1399 militum
1539 1372 1570 1399 et
1594 1366 1757 1399 ministro-

1006 1430 1079 1452 rum
1100 1430 1249 1459 numero,
1263 1420 1317 1462 qui
1339 1420 1467 1460 milites,
1485 1431 1558 1453 cum
1577 1420 1672 1453 unica
1688 1426 1756 1453 tan-

1006 1479 1074 1505 tum
1096 1479 1127 1506 et
1150 1473 1273 1515 virgine
1298 1473 1472 1516 coniugati,
1495 1474 1533 1505 ad
1554 1473 1700 1506 habitum
1725 1479 1756 1506 et

1007 1525 1238 1569 professionem
1264 1527 1445 1568 regularem
1466 1526 1604 1566 admitti,
1631 1537 1685 1558 seu
1700 1526 1755 1569 qui

1006 1589 1065 1623 pro
1076 1585 1222 1623 tempore
1240 1578 1368 1611 admissi
1389 1580 1493 1612 forent
1512 1579 1754 1611 matrimonium

1007 1643 1081 1666 cum
1120 1633 1216 1665 simili
1247 1633 1369 1676 virgine
1399 1638 1430 1665 et
1464 1632 1559 1665 unica
1592 1633 1755 1665 dumtaxat

1006 1686 1197 1719 contrahere
1222 1691 1363 1730 possent,
1391 1686 1469 1719 alias
1491 1696 1565 1718 vero
1586 1685 1644 1727 ipsi
1661 1685 1753 1717 casti-

1006 1745 1102 1772 tatem
1121 1740 1324 1782 coniugalem
1336 1739 1590 1772 etobedientiam
1607 1749 1753 1781 expresse

1006 1792 1254 1836 profiterentur,
1282 1803 1356 1825 cum
1375 1802 1484 1824 mensa
1502 1791 1688 1835 magistrali,
1708 1791 1753 1823 ol'-

1006 1845 1099 1887 ficiis,
1122 1846 1258 1886 iuribus,
1281 1845 1558 1878 iurisdictionibus
1570 1851 1600 1878 et
1620 1843 1749 1887 insigni-

1006 1900 1066 1933 bus
1078 1900 1252 1939 consuetis,
1279 1899 1319 1931 ad
1343 1898 1480 1930 aliarum
1500 1897 1684 1930 huiusmodi
1697 1897 1754 1929 mi-

1006 1953 1150 1986 litiarum
1173 1953 1283 1992 instar,
1311 1963 1347 1985 ex
1372 1958 1449 1984 tunc
1469 1957 1564 1994 prout
1585 1957 1753 1994 postquam

1007 2007 1074 2055 ipse
1088 2007 1276 2039 Emmanuel
1293 2005 1486 2038 philibertus
1497 2005 1559 2038 dux
1576 2005 1683 2036 dotem
1701 2013 1755 2035 an-

1007 2060 1064 2093 nui
1106 2060 1228 2093 reditus
1259 2058 1443 2102 quindecim
1479 2057 1616 2090 millium
1649 2062 1754 2090 scuto-

1007 2124 1080 2146 rum
1105 2114 1142 2146 de
1164 2113 1303 2156 propriis
1320 2117 1350 2144 et
1370 2110 1648 2154 patrimonialibus
1663 2109 1756 2142 bonis

1008 2167 1073 2200 suis
1098 2167 1143 2198 illi
1168 2165 1394 2201 constituisset,
1422 2169 1484 2197 ete
1504 2169 1628 2203 contra,
1646 2169 1756 2195 aucto-

1008 2220 1100 2253 ritate
1135 2219 1310 2262 apostolica
1339 2223 1496 2261 perpetuo
1537 2217 1696 2249 ereximus
1728 2221 1758 2248 et

1008 2273 1217 2312 instituimus,
1250 2282 1286 2303 ae
1317 2270 1362 2302 illi
1388 2271 1433 2303 sic
1466 2275 1592 2303 erectae
1622 2270 1757 2312 eiusque

1010 2337 1138 2359 mensae
1152 2325 1268 2357 dictam
1283 2324 1389 2356 dotem
1411 2322 1597 2366 quindecim
1617 2322 1756 2354 millium

1010 2385 1175 2412 scutorum
1201 2377 1297 2410 etiam
1335 2382 1490 2420 perpetuo
1528 2375 1758 2419 applicavimus

1010 2434 1041 2461 et
1079 2426 1378 2471 appropriavimus,
1404 2425 1448 2457 ita
1467 2430 1502 2458 ut
1518 2425 1630 2458 liceret
1654 2424 1758 2457 eidem

1010 2476 1212 2509 Emmanueli
1225 2474 1399 2507 Pliiliberto
1410 2474 1484 2507 duci
1501 2479 1596 2518 etpro
1612 2479 1757 2515 tempore

1011 2525 1155 2558 existenti
1171 2534 1285 2566 magno
1302 2523 1453 2566 magistro
1471 2523 1632 2556 honorum
1656 2522 1757 2554 dictae

1011 2574 1092 2607 dotis
1125 2573 1325 2616 corporalem
1346 2572 1580 2616 possessionem
1598 2583 1654 2605 seu
1669 2570 1758 2612 quasi

221 2626 356 2659 stianam
377 2624 611 2668 rempublicam
634 2635 671 2657 ex
684 2624 753 2660 ipso
769 2624 904 2657 militiae
920 2635 970 2657 ro·
987 2495 994 2678 l
1011 2624 1111 2656 libere
1126 2622 1371 2666 apprehendere
1392 2627 1590 2666 etperpetuo
1605 2621 1756 2657 retinere,

300 2673 375 2704 Ball.
396 2673 473 2702 Itum.
497 2673 555 2704 sul.
577 2673 649 2702 ῙἸῙῘ.
851 2672 889 2701 0¹.)

1776 242 1828 268 An.
1847 241 1956 270 (21575
