2059 3228
40 1458 114 1481 tmen.

27 257 28 261 ,
41 233 72 276 13⁴
86 235 154 266 ¹583

41 1426 117 1452 ’ΜΨ
131 1430 154 1450 0⁸
165 1427 227 1462 mis
245 1428 468 1469 rutilantibus,
491 1428 682 1470 illustratur,

772 239 946 264 nuntiemus
965 238 1020 263 xm
1039 238 1085 263 I'I'.

167 288 279 324 eadem
299 300 432 335 prorsus
451 291 539 332 sides,
555 296 619 325 tam
636 291 667 324 in
682 290 801 324 iudicio
815 301 911 334 quam

167 347 268 384 extra,
289 344 493 385 adhibeatur,
516 356 600 389 quae
624 344 845 389 praesentibus
863 344 913 377 lit-

166 395 244 429 teris
263 397 484 440 adhiberetur,
506 399 531 433 si
551 399 657 432 forent
688 398 846 432 exhibitae
865 398 912 432 vel

166 453 324 483 ostensae.

208 501 323 536 Datum
361 504 481 538 Romae
523 505 609 549 apud
649 505 799 539 Sanctum
835 505 914 537 Mar-

167 565 251 596 cum,
264 557 323 590 sub
341 559 462 592 annulo
482 559 664 598 piscatoris,
691 559 742 592 die
761 569 820 592 xxv
837 559 848 586 ¹1
867 558 914 590 iu-

166 607 201 641 lii
234 618 407 653 MDLxxxtn,
449 613 656 658 pontificatus
690 612 790 646 nostri
828 621 913 645 anno

165 660 369 699 duodecimo.

206 719 269 752 Dat.
289 722 337 754 die
348 723 387 755 25
402 724 466 755 iulii
488 725 575 764 1583,
592 724 791 765 pontifipanno
810 732 863 754 xu.

490 867 589 903 CLIII.

168 955 380 999 Confirmatio
411 954 579 989 erectionis
602 955 816 999 quorumdam
848 965 914 987 mo-

209 1009 427 1042 nasteriorum
444 1007 577 1042 Ordinis
588 1008 821 1042 monachorum
831 1008 914 1042 San-

209 1062 254 1096 cti
275 1062 374 1096 Pauli
398 1063 502 1107 primi
527 1063 680 1095 eremitae
711 1063 748 1095 iu
780 1062 914 1106 Htmya-

207 1115 273 1156 ria,
297 1115 448 1155 Polonia,
474 1115 577 1149 Istria
596 1126 633 1149 ac
666 1115 846 1155 Dalmatia,
886 1119 914 1148 et

206 1168 449 1213 privilegiorum
468 1167 497 1202 2.

165 1247 310 1285 Gregorius
320 1249 392 1285 rapa
401 1249 469 1282 Xlu.
480 1249 515 1277 ad
524 1250 685 1285 perpetuam
695 1249 736 1278 rei
745 1249 913 1278 memoriam.

209 1322 225 1366 ἓ
243 1321 276 1356 ’1.
303 1320 381 1355 Cum
402 1321 486 1355 inter
512 1321 592 1356 alios
611 1321 837 1365 religiosorum
859 1321 915 1355 Or-

164 1374 268 1416 dines,
290 1374 408 1419 quibus
432 1375 512 1409 fides
527 1375 698 1416 catholiea,
721 1375 811 1418 quasi
828 1386 915 1419 gern-

702 1428 798 1469 orde,
817 1439 912 1472 quem

165 1481 201 1516 B.
225 1480 346 1515 Paulus
377 1481 503 1526 primus
536 1482 680 1522 eremita,
707 1482 823 1515 deserti
846 1484 915 1515 loca

166 1539 290 1579 petens,
313 1534 392 1568 vitae
411 1535 626 1569 sanctimonia
639 1536 832 1569 etinstitutis
848 1536 913 1568 exi-

167 1587 240 1622 miis
269 1588 418 1629 instituit,
449 1589 605 1632 singulari
638 1590 780 1633 quodam
812 1589 916 1633 splenm

167 1641 245 1680 dore
268 1642 435 1686 refulgeat,
456 1642 604 1676 convenit
624 1653 683 1676 nos
702 1643 796 1676 illum
817 1643 916 1676 illins-

167 1706 231 1740 que
249 1697 445 1730 monasteria
469 1697 578 1730 omnia
608 1697 803 1741 specialibus
828 1698 914 1731 savo-

167 1749 257 1784 ribus
280 1755 312 1783 et
335 1750 443 1793 gratiis
469 1750 633 1794 prosequi.
663 1751 784 1795 Exponi
814 1751 914 1795 siqui-

169 1803 241 1838 dem
261 1803 354 1837 nobis
373 1814 478 1848 nuper
496 1805 643 1837 fecerunt
662 1804 770 1837 dilecti
791 1804 848 1837 filii
863 1815 915 1847 ge—

167 1857 288 1890 neralis
311 1862 342 1891 et
361 1857 512 1891 monaehi
538 1858 638 1902 ipsius
669 1858 795 1891 Ordinis
828 1859 913 1902 quod

156 1911 326 1959 >nonnulla
345 1911 489 1944 eiusdem
509 1911 635 1945 Ordinis
656 1912 849 1945 monasteria
860 1922 915 1945 seu

169 1963 285 1998 domus
308 1969 365 1998 aut
399 1965 483 2005 loca,
516 1970 580 1998 tam
605 1960 638 1998 in
669 1964 851 2008 Ilungariae
887 1971 916 1999 et

166 2017 318 2052 Poloniae
337 2018 444 2063 regnis
464 2029 561 2062 quam
581 2018 671 2052 Istria
696 2024 727 2052 et
759 2019 915 2052 Dalmatia

168 2070 232 2105 sive
252 2070 420 2106 Sclavonia
440 2072 563 2105 dudum
585 2078 693 2106 erecta
717 2078 747 2106 et
771 2073 916 2106 instituta

168 2124 309 2167 suerunt,
326 2125 454 2170 ipsique
478 2126 657 2160 erectiones
681 2132 711 2159 et
739 2126 916 2159 institutio-

167 2188 225 2212 nes
244 2178 405 2213 dictorum
429 2179 701 2213 monasteriorum
722 2191 776 2213 seu
802 2181 916 2213 domo-

152 2241 243 2273 ‚rum
263 2238 318 2266 aut
339 2232 487 2267 locorum
512 2244 570 2278 per
598 2244 657 2267 nos
687 2233 862 2278 approbari
887 2240 918 2267 et

169 2285 356 2321 confirmari
376 2286 568 2320 desiderant.

213 2339 228 2384 ἓ
253 2339 283 2373 2.
306 2339 490 2384 Quare,pro
511 2346 600 2383 parte
621 2339 809 2373 eorumdem
825 2350 918 2382 gene-

169 2393 247 2426 ralis
271 2399 302 2426 et
325 2393 574 2434 monachorum,
596 2393 762 2426 nobissuit
787 2392 918 2425 hnmili-

1594 227 1653 262 431

955 287 1131 333 apostolica
1152 288 1369 331 dignaremur.
1391 290 1467 331 Nos,
1494 291 1702 325 monasterio-

955 352 1027 375 rum
1047 353 1102 375 seu
1125 342 1294 375 domorum
1313 349 1367 377 aut.
1388 344 1534 377 locorum
1554 344 1701 388 praedic-

955 401 1061 428 torum
1083 395 1281 437 situationes,
1296 397 1478 439 qualitates,
1491 397 1699 441 quantitates,

955 448 1246 491 denominationes,
1273 451 1533 495 nuncupationes
1557 456 1589 485 et
1612 462 1703 486 veros

955 513 1079 535 annuos
1087 503 1211 536 valores
1221 514 1256 536 ac
1268 515 1546 548 quarumcumque
1567 505 1704 549 scriptu-

954 566 1063 588 rarum
1076 556 1215 599 desuper
1230 557 1449 590 eonsectarum
1471 563 1598 591 tenores
1609 569 1703 601 prae-

955 609 1099 642 sentibus
1127 620 1185 653 pro
1217 611 1373 654 expressis
1397 611 1563 652 habentes,
1591 612 1703 646 liuius-

956 662 1043 695 modi
1081 663 1556 707 supplicationibusinclinati,
1591 676 1703 699 omnes

956 722 988 750 et
1020 716 1162 760 singulas
1196 717 1376 751 erectiones
1415 723 1445 751 et
1486 719 1704 754 institutiones

957 780 1243 814 quorumcumque
1282 771 1359 805 dicti
1385 771 1511 805 Ordinis
1541 773 1573 806 B.
1614 773 1703 807 Pauli

957 824 1053 867 primi
1087 827 1240 858 eremitae
1275 825 1557 867 monasteriorum,
1593 827 1705 860 domo-

957 889 1029 911 rum
1047 889 1102 912 seu
1118 878 1265 912 locorum
1276 879 1309 911 in
1317 879 1499 922 Hungariae
1511 885 1541 912 et
1552 877 1704 913 Poloniae

958 931 1076 975 regnis,
1113 943 1149 965 ac
1174 932 1264 965 Istria
1288 938 1319 966 et
1342 933 1496 966 Dalmatia
1526 944 1580 966 seu
1616 933 1704 967 Scla-

956 985 1051 1018 vonia
1085 986 1283 1027 huiusmodi,
1308 997 1489 1030 eorumque
1523 987 1702 1031 privilegia,

958 1039 1133 1080 libertates,
1173 1040 1353 1081 facultates,
1398 1041 1532 1081 favores,
1574 1041 1703 1084 gratias,

957 1093 1176 1127 immunitates
1201 1099 1232 1127 et
1255 1094 1391 1135 indulta,
1417 1100 1576 1138 quatenus
1593 1094 1624 1127 in
1645 1105 1703 1128 usu

956 1147 1020 1180 sint
1054 1153 1084 1180 et
1110 1147 1209 1181 sacris
1249 1147 1429 1180 canonibus
1463 1155 1493 1181 et
1518 1148 1704 1192 praesertim

957 1200 1085 1233 concilii
1124 1201 1301 1234 Tridentini
1341 1201 1478 1234 decretis
1503 1211 1567 1234 non
1592 1202 1705 1235 adver-

957 1259 1080 1296 sentur,
1106 1265 1234 1288 necnon
1259 1265 1481 1299 quascumque
1518 1254 1706 1288 donationes

957 1313 988 1341 et
1012 1308 1116 1352 legata
1149 1308 1309 1342 bonorum
1345 1314 1375 1342 et
1407 1319 1516 1342 rerum
1556 1308 1618 1341 illis
1648 1319 1707 1352 per

957 1372 1179 1406 quoscumque
1201 1362 1293 1403 facta,
1307 1367 1338 1396 et
1362 1362 1437 1395 inde
1456 1367 1564 1396 secuta
1584 1362 1704 1403 omnia,

957 1416 1133 1460 apostolica
1163 1416 1368 1458 auctoritate,
1405 1421 1516 1449 tenore
1553 1425 1707 1460 praesen-

958 1470 1051 1511 tium,
1083 1469 1302 1514 approbamus
1334 1475 1365 1503 et
1398 1469 1640 1510 confirmamus,
1667 1469 1706 1501 il-

957 1523 1060 1566 lisque
1085 1530 1260 1568 perpetuae
1281 1530 1312 1557 et
1331 1523 1525 1557 inviolabilis
1545 1522 1707 1556 firmitatis

958 1577 1059 1609 robur
1087 1577 1269 1619 adiicitnus,
1303 1587 1430 1611 necnon
1455 1587 1567 1610 omnes
1591 1581 1621 1609 et
1640 1576 1706 1608 sin-

958 1631 1050 1672 gulos
1069 1635 1133 1662 tam
1157 1630 1237 1663 iuris
1261 1641 1357 1673 quam
1385 1630 1458 1663 facti
1490 1630 1644 1670 desectus,
1680 1628 1705 1661 si

957 1683 1012 1728 qui
1038 1683 1271 1717 intervenerint
1294 1684 1325 1717 in
1347 1684 1479 1724 eisdem,
1502 1683 1704 1726 supplemus.

1001 1736 1066 1781 §3
1094 1738 1309 1771 Decernentes
1338 1749 1374 1771 ex
1402 1748 1489 1770 nune
1518 1737 1644 1769 irritum
1676 1741 1707 1769 et

958 1791 1064 1832 inane,
1093 1791 1117 1824 si
1143 1801 1234 1825 secus
1261 1802 1358 1835 super
1390 1791 1439 1823 his
1477 1802 1493 1823 a
1526 1800 1702 1833 quoquam,

958 1845 1069 1888 quavis
1093 1844 1295 1885 auctoritate,
1318 1843 1456 1877 scienter
1482 1844 1527 1876 vel
1555 1843 1705 1886 ignoran-

959 1905 1018 1939 ter,
1046 1898 1217 1942 contigerit
1254 1898 1415 1931 attentari.
1461 1897 1617 1936 Quocirca
1651 1906 1705 1929 ve-

958 1951 1093 1985 nerabili
1118 1951 1207 1984 frati-i
1239 1951 1390 1995 episcopo
1419 1949 1634 1993 Zagabriensi,
1669 1960 1706 1983 ae

959 2005 1085 2039 dilectis
1105 2006 1179 2038 siliis
1204 2012 1314 2038 nostro
1335 2012 1363 2037 et
1390 2004 1480 2037 Sedis
1504 2003 1706 2047 Apostolicae

959 2059 991 2091 in
1011 2059 1075 2092 illis
1091 2058 1236 2103 partibus
1256 2058 1401 2091 existenti
1416 2057 1549 2096 nuncio,
1576 2068 1612 2090 ac
1633 2067 1707 2090 cau-

959 2122 1067 2145 sarum
1088 2112 1201 2145 Curiae
1222 2111 1371 2144 Gamerae
1392 2109 1592 2154 Apostolieae
1612 2119 1708 2153 gene-

960 2166 1018 2198 rali
1051 2165 1189 2198 auditori
1227 2176 1284 2208 per
1309 2169 1490 2207 praesentes
1519 2163 1708 2197 mandamus

959 2224 1118 2262 quatenus
1144 2218 1201 2261 ipsi
1238 2218 1285 2250 vel
1311 2218 1374 2250 duo
1400 2223 1455 2249 aut
1476 2227 1559 2250 unus
1578 2227 1706 2257 eo·‘um,

961 2283 1018 2316 per
1042 2284 1074 2305 se
1108 2273 1157 2305 vel
1182 2272 1281 2304 alium
1316 2282 1370 2303 seu
1401 2271 1493 2311 alios,
1523 2276 1708 2314 praesentes

962 2326 1082 2359 litteras
1107 2331 1135 2358 et
1172 2326 1204 2358 in
1225 2325 1269 2357 eis
1294 2329 1444 2357 contenta
1465 2335 1706 2368 quaecumque,

962 2380 1016 2412 ubi
1046 2386 1076 2411 et
1112 2378 1241 2421 quando
1275 2388 1356 2421 opus
1387 2377 1492 2418 suerit,
1519 2388 1556 2411 ac
1582 2378 1708 2422 quoties

1719 230 1767 260 tin.
1781 229 1808 259 Π.
1829 228 1900 258 itm

1716 293 1823 313 nationum
1835 292 1901 312 tuctu-

1718 330 1761 344 rum
1770 323 1842 344 Ordlnl
1849 322 1901 344 stn-

1717 355 1743 375 eti
1761 353 1818 375 Pault
1839 353 1902 381 primi

1717 386 1827 407 oreniitn.

1745 1751 1855 1773 Claumlae
1872 1753 1901 1772 ιι-

1720 1789 1759 1810 que
1770 1781 1902 1803 executioni·

1719 1815 1843 1835 mandatum»

962 2439 1019 2471 pro
1040 2434 1129 2472 parte
1147 2427 1305 2471 generalis
1318 2432 1348 2460 et
1364 2427 1596 2460 monachorum
1618 2437 1710 2471 prae-

45 2444 156 2469 ⁰¹·''¹¹·¹¹⁰
171 2451 221 2480 ter
239 2446 457 2490 supplicatum
478 2451 638 2489 quatenus
657 2456 769 2479 eorum
795 2445 919 2478 deside—

47 2475 222 2534 J⁰¹¹32¹ggjri0
241 2499 275 2534 in
322 2499 484 2533 fflffln355;5
504 2509 645 2532 wlmare
666 2499 704 2532 de
726 2499 920 2531 &monime
962 2477 1122 2525 dicto-rum
1161 2476 1282 2525 sueri-nt
1316 2475 1481 2525 requisiti,
1520 2476 1710 2525 solemniter

48 2539 103 2566 ‚tw
119 2539 156 2560 ιω-
298 2511 318 2544 Ρ
366 2525 375 2533 ’
459 2527 465 2532 ·
503 2521 511 2532 ³
592 2521 607 2532 ⁹
801 2526 818 2541 ὃ
871 2520 877 2530 ‘
962 2521 1175 2564 publicantes,
1203 2520 1329 2563 illisque
1349 2531 1381 2552 in
1406 2530 1588 2563 praemiss-ts
1604 2520 1711 2554 effica-

963 2571 1008 2602 cis
1028 2569 1222 2602 detensionis
1251 2569 1412 2613 praesidio
1442 2569 1637 2612 assistentes,
1663 2570 1710 2603 fa-

964 2619 1045 2651 ciant
1067 2617 1256 2652 auctoritate
1276 2623 1384 2651 nostra
1409 2618 1584 2662 praemissa
1601 2618 1710 2655 omniu

210 2585 222 2613 t
240 2584 362 2613 Cherub.
384 2588 412 2613 et
426 2584 532 2618 Mattti„
552 2590 589 2611 xv
610 2584 669 2611 iulii
691 2586 728 2619 (a.
746 2584 795 2616 r).
847 2583 863 2611 Ξ
880 2583 921 2612 Ex

175 2629 285 2666 Regest.
301 2630 330 2659 in
344 2630 449 2658 Secret.
468 2629 609 2657 Brevlum.
