2059 3228
92 201 143 230 Ᾱη.
161 201 273 230 ‹1158ss

124 1005 281 1025 vraoetatt'on-

99 1038 157 1057 tifex.

334 194 397 227 03⁶2

292 370 350 403 pro
369 365 461 403 parte
473 359 662 392 eorumdem
674 357 835 390 Fraucisci
853 361 881 389 et
898 355 1039 388 Tliomae

291 413 383 445 nobis
402 412 462 444 fuit
481 411 648 444 humiliter
667 410 884 454 supplicatum
903 414 1041 452 utprae-

291 465 383 498 dictis
417 465 604 509 privilegiis,
637 463 908 503 immunitatibus,
936 471 1040 494 exem-

293 519 467 562 ptionibus,
487 518 698 558 libertatibus,
719 517 891 557 favoribus,
914 525 1042 548 conser-

292 572 434 611 vatoriis,
446 571 731 610 declarationibus,
748 570 966 608 facultatibus,
980 567 1042 601 dis-

293 624 544 669 pensationibus,
559 623 682 667 gratiis,
698 622 972 659 concessionibus,
992 621 1042 653 in-

293 678 468 722 dulgentiis
488 684 519 711 et
539 678 672 711 indultis
694 688 751 721 pro
773 677 904 709 illorum
932 675 1043 708 obser-

293 732 408 771 vantia,
427 738 556 765 nostrae
577 731 820 776 approbationis
835 731 937 763 robur
961 729 1043 762 adii-

294 796 386 826 cere,
423 786 565 829 aliasque
596 786 630 818 in
653 784 838 829 praemissis
862 789 1044 828 opportune

295 839 464 884 providere
484 839 523 873 de
539 837 1045 883 benignitateapostolicadigna·
1086 834 1136 867 his
1167 840 1272 868 essent
1302 834 1434 875 inserta,
1465 845 1524 879 pro
1549 835 1748 869 sufficienter
1779 846 1832 869 ex-

295 903 418 926 remur.

340 946 397 990 §3
414 946 477 979 Nos
491 946 601 989 igitur,
615 945 672 990 qui
689 944 836 978 omnium
848 944 941 984 votis,
954 955 1047 988 prae·
1066 972 1068 989 ἲ
1086 941 1161 981 lica,
1174 946 1287 974 tenore
1299 942 1531 986 praesentium,
1545 953 1583 975 ex
1591 947 1678 976 certa
1692 941 1839 984 ⁴cientia,

295 1000 405 1033 sertim
418 1000 492 1041 illis,
507 1000 563 1043 qui
589 1000 648 1032 sub
668 999 755 1032 suavi
778 997 955 1041 Religionis
971 998 1046 1040 iugo

296 1053 410 1086 divinis
438 1053 590 1086 laudibus
621 1057 653 1085 et
691 1051 884 1084 christianae
915 1049 1069 1094 religio-'¹

296 1106 346 1138 nis
359 1111 534 1148 augmento
556 1105 813 1138 incumbentium
834 1116 1048 1148 personarum

297 1158 523 1202 tranquillitati
544 1164 575 1191 et
599 1158 819 1191 commoditati
853 1159 1046 1198 consulitur,
1068 1164 1071 1170 ¹

297 1212 436 1245 libenter
455 1212 645 1252 annuimus,
672 1222 775 1255 eaque
795 1212 957 1245 favoribus
977 1223 1051 1256 pro-

299 1266 466 1309 sequimur
485 1266 691 1310 opportunis,
714 1265 901 1299 lminsmodi
925 1266 1050 1310 suppli-
1067 1282 1074 1294 ι

300 1319 482 1353 nationibus
516 1320 674 1360 inclinati,
703 1329 931 1362 quaecumque
956 1331 1051 1363 prae-

300 1373 396 1407 missa
410 1385 446 1407 ac
463 1374 573 1407 omnia
593 1379 624 1407 et
643 1373 769 1417 singula
786 1373 849 1407 alia
873 1373 1050 1418 privilegia,

300 1427 1054 1471 immunitates,exemptiones,libertates,prae-

302 1481 471 1523 rogativas,
498 1482 635 1521 favores,
658 1482 925 1521 conservatorias,
947 1482 1054 1515 decla-

302 1535 456 1575 rationes,
479 1534 661 1575 facultates,
687 1535 957 1578 dispensationes,
984 1546 1056 1578 gra-

301 1587 372 1628 tias,
388 1588 627 1628 concessiones,
649 1588 868 1629 indulgentias
887 1589 1055 1622 etindulta
1075 1587 1077 1591 ⁴

303 1641 483 1687 spiritualia
494 1648 524 1675 et
534 1642 737 1686 temporalia,
749 1643 844 1675 etiam
856 1643 1055 1686 permodum

304 1696 609 1730 communicationis
620 1702 651 1729 et
672 1696 868 1729 extensionis
881 1696 965 1729 inter
981 1707 1014 1730 se
1027 1702 1058 1730 et
1077 1694 1079 1701 ’

304 1761 378 1784 cum
399 1750 471 1783 aliis
490 1749 666 1783 Ordinibus
678 1749 930 1782 Mendicantibus
946 1755 977 1782 et
990 1761 1056 1783 non

306 1803 560 1836 Mendicantibus
579 1803 723 1836 eiusdem
746 1804 880 1836 fratrum
898 1803 1058 1836 Minorum

307 1856 463 1899 regularis
484 1856 709 1889 Observantiae
735 1862 766 1889 et
784 1856 815 1889 S.
837 1856 948 1890 Clarae
969 1862 999 1890 et
1021 1857 1059 1889 de.
1079 1866 1081 1870 ⁴

307 1910 507 1943 Poenitentia
526 1910 620 1943 tertio
631 1909 817 1950 Ordinibus,
833 1910 928 1943 etiam
943 1910 976 1943 in
987 1921 1062 1943 ron—

307 1964 505 2007 gregatione,
529 1964 588 1996 sub
608 1964 706 1997 trium
731 1969 880 1996 votorum
910 1964 1059 1997 substan-

309 2016 434 2050 tialium
455 2017 669 2060 professione,
693 2023 723 2050 et
748 2017 936 2050 eorumdem
962 2028 1060 2060 supe-

311 2071 434 2103 riorum
456 2071 582 2104 Ordinis
598 2071 756 2104 Minorum
775 2071 935 2114 regularis
948 2071 1063 2104 Obser-

310 2124 436 2157 vantiae
457 2124 644 2162 huiusmodi
659 2125 843 2157 obedientia
855 2124 1061 2167 degentibus,

314 2178 522 2220 ipsorumque
534 2178 741 2221 superiorum
755 2178 920 2219 fratribus,
940 2178 1064 2211 monia-

312 2231 411 2270 libus,
434 2230 611 2271 sororibus,
625 2242 661 2263 ac
673 2231 842 2275 utriusque
854 2242 947 2264 sexus
967 2231 1062 2264 etiam

315 2283 534 2325 singularibus
543 2284 701 2328 personis,
715 2295 841 2317 necnon
850 2284 1064 2325 monasteriis,

315 2335 478 2376 domibus,
501 2336 645 2369 ecelesiis
666 2342 696 2369 et
711 2336 791 2369 locis
803 2337 1065 2381 quibuscumque

317 2384 347 2416 in
368 2394 485 2425 genere
515 2391 542 2417 et
569 2384 600 2417 in
622 2385 741 2428 specie,
764 2386 859 2418 etiarn
881 2396 939 2429 per
963 2386 1066 2419 solam

317 2432 529 2475 signaturam,
556 2433 652 2466 etiarn
686 2434 771 2467 vivae
803 2435 889 2468 vocis
918 2435 1064 2476 oraculo,

319 2486 352 2511 ut
372 2481 565 2523 praefertur,
587 2488 642 2515 aut
666 2483 745 2515 alias
769 2493 827 2526 per
856 2483 984 2517 eosdem
1006 2484 1068 2517 Ro-

321 2539 431 2562 manos
450 2530 623 2564 Pontifices
651 2532 915 2575 praedecessores
941 2539 1066 2566 nostros

320 2587 357 2608 ac
377 2587 435 2610 nos
454 2584 485 2611 et
504 2577 619 2612 Sedem
651 2579 862 2625 praedictam,
893 2580 952 2614 sub
986 2591 1067 2628 qua-

881 195 1060 221 RULLAmUM
1083 194 1234 219 nominum

94 264 201 284 fni-*sarius
213 269 277 289 gone·
292 255 351 288 lica
364 253 553 287 auctoritate
564 252 728 297 praedicta
746 249 873 283 munita
884 249 1035 287 existunt,

94 295 146 315 ratis
161 297 201 316 lior
221 297 275 316 idom

95 331 106 345 a
120 325 179 346 Sino
189 327 276 347 concedi
292 318 353 341 mal

357 317 446 340 orem
481 306 648 340 obtineant
680 304 806 337 roboris
839 302 1036 341 firmitatem,
1080 309 1244 339 concessa,
1263 309 1299 331 ac
1315 298 1410 331 etiam
1427 297 1548 331 iteratis
1567 299 1690 333 vicibus
1709 309 1827 344 appro-

94 359 202 387 postulant

1087 2580 1383 2632 '’calaguritanensi
1403 2587 1434 2614 et
1453 2580 1621 2615 Leodiensi
1636 2578 1808 2624 episcopis,
1827 2583 1860 2612 et

1838 179 1938 214 mc.
2023 202 2024 206 ,

1080 256 1222 288 cumque
1247 245 1350 278 forma
1369 251 1400 278 et
1423 245 1628 288 expressione
1651 244 1825 279 verborum

1080 352 1166 392 bata,
1188 362 1315 384 necnon
1336 351 1486 384 omnibus
1511 357 1541 384 et
1564 352 1698 395 singulis
1721 353 1754 386 in
1781 353 1828 386 eis

1081 406 1188 438 forsan
1208 405 1366 439 contentis
1386 405 1551 445 clausulis,
1573 406 1710 440 decretis
1720 412 1751 440 et
1770 407 1827 439 de-

1082 459 1316 492 clarationibus
1339 459 1613 503 quibuscumque,
1635 471 1672 494 ac
1686 460 1828 504 singulas

1083 512 1223 556 desuper
1243 512 1337 545 etiam
1358 513 1506 557 pluribus
1526 512 1649 546 vicibus
1669 513 1830 547 confectas

1083 566 1218 606 litteras,
1249 571 1281 599 et
1307 567 1340 599 in
1365 566 1411 598 eis
1435 571 1585 599 contenta
1616 571 1645 599 et
1675 566 1751 600 inde
1778 567 1841 600 se-'

1084 625 1158 652 cuta
1182 630 1420 663 quaecumque,
1446 620 1576 654 illorum
1606 620 1753 653 omnium
1785 626 1842 654 teu

1083 684 1179 706 nores
1204 679 1235 706 et
1262 674 1392 714 formas,
1428 674 1530 715 datas,
1562 674 1694 707 effectus
1720 679 1749 707 et
1773 674 1838 708 ded

1085 733 1173 759 creta
1193 727 1225 759 in
1246 727 1309 760 illis
1329 727 1486 771 apposita,
1511 738 1548 761 ae
1568 727 1592 760 si
1613 728 1651 761 de
1670 728 1768 761 verbo
1791 729 1836 761 adss

1083 780 1217 812 verbum
1243 780 1464 813 insererentur
1488 781 1721 824 praesentibus,
1741 786 1772 815 et
1798 781 1832 815 in

1087 888 1205 931 pressis
1219 888 1388 929 habentes,
1403 888 1488 922 dicta
1506 889 1697 922 auctoritate
1716 894 1835 932 iposto·

1066 995 1069 1044 ζ
1088 994 1118 1026 in
1151 994 1201 1027 his
1225 995 1387 1036 omnibus,
1410 995 1442 1028 in
1462 995 1581 1040 quibus
1601 995 1738 1029 decr2tis
1756 989 1839 1029 con-¹

1089 1048 1155 1081 citii
1176 1048 1356 1082 Tridentini
1381 1059 1447 1082 non
1474 1050 1693 1090 adversentur,
1715 1060 1836 1094 appro-

1068 1103 1204 1135 ³bamus
1237 1107 1268 1134 et
1298 1102 1530 1136 confirmamus
1563 1114 1600 1136 ac
1632 1103 1834 1144 innovamus,

1090 1161 1347 1200 perpetuamque
1380 1156 1505 1190 roboris
1536 1157 1720 1190 firmitatem
1756 1157 1823 1191 obti

1091 1220 1168 1242 nere
1188 1214 1219 1242 et
1238 1209 1375 1242 tirmiter
1399 1210 1573 1243 observari.
1965 1233 1974 1254 η

1136 1263 1203 1306 gli.
1225 1263 1357 1296 Necnon
1376 1262 1550 1297 Ordinibus
1578 1264 1712 1297 fratrum
1741 1264 1842 1298 Mino·
1880 1267 1962 1305 ¹5²⁰st

1070 1306 1073 1328 ¹
1093 1327 1165 1349 rum
1187 1316 1346 1359 regularis
1365 1316 1592 1350 Observantiae
1613 1322 1644 1350 et
1662 1317 1693 1350 S.
1715 1317 1838 1358 Clarae,
1853 1299 1948 1352 Ἐξῗιιτο
1963 1334 1979 1356 ·.

1094 1382 1130 1404 ac
1150 1370 1245 1404 tertio
1261 1371 1300 1404 de
1320 1370 1515 1404 Poenitentia
1536 1377 1735 1415 nuncupato,
1745 1371 1842 1405 etiam
1856 1363 1924 1416 2⁸32:ss

1074 1452 1075 1455 ,
1095 1425 1128 1457 in
1148 1424 1396 1467 congregatione
1416 1424 1474 1457 sub
1494 1425 1677 1459 obedientia
1706 1425 1843 1458 fratrum

1074 1515 1075 1519 Ἰ
1095 1478 1253 1511 Minorum
1275 1478 1314 1511 de
1334 1477 1540 1511 observantia
1573 1479 1761 1512 huiusmodi
1789 1479 1845 1512 de-

1096 1532 1246 1575 gentibus
1266 1532 1501 1576 superioribus,
1529 1532 1692 1574 fratribus,
1719 1533 1845 1566 monia-

1097 1586 1183 1619 libus
1204 1592 1234 1619 et
1266 1585 1418 1619 tertiariis
1445 1587 1643 1631 nuncupatis
1666 1586 1844 1626 sororibus,

1098 1639 1257 1682 personis,
1284 1639 1498 1679 monasteriis,
1523 1639 1684 1681 domibus,
1703 1639 1847 1673 ecclesiis

1099 1699 1129 1725 et
1142 1692 1222 1726 locis
1233 1692 1418 1736 praedietis,
1432 1692 1527 1726 etiam
1541 1703 1600 1737 per
1613 1694 1746 1726 modum
1763 1704 1850 1727 corn-

1102 1746 1330 1780 municationis
1361 1753 1391 1779 et
1422 1746 1615 1780 extensionis
1648 1747 1848 1788 huiusmodi,

1101 1800 1283 1843 suffragari,
1305 1800 1433 1844 illisque
1461 1800 1537 1840 frui,
1564 1800 1611 1833 uti
1640 1806 1671 1833 et
1698 1801 1850 1844 gaudere,

1102 1854 1233 1897 quando
1254 1859 1283 1887 et
1304 1854 1432 1898 quoties
1466 1864 1548 1897 opus
1581 1853 1688 1894 fuerit,
1708 1863 1802 1897 posse
1822 1859 1853 1887 et

1102 1908 1233 1948 debere,
1265 1907 1297 1940 in
1327 1907 1447 1940 iudicio
1486 1912 1517 1940 et
1552 1913 1652 1947 extra,
1685 1918 1722 1940 ac
1755 1907 1851 1941 etiarn

1103 1962 1135 1994 in
1165 1961 1234 1994 foro
1260 1961 1464 2001 eoscientiae,
1498 1961 1530 1994 in
1559 1960 1711 1994 omnibus
1735 1966 1768 1994 et
1795 1971 1854 2005 per

1103 2015 1224 2055 omnia,
1256 2025 1292 2047 ac
1313 2015 1337 2047 si
1359 2014 1541 2058 specialiter
1560 2019 1591 2047 et
1614 2024 1763 2058 expresse
1790 2014 1853 2047 eis-

1104 2069 1176 2102 dem
1211 2068 1346 2102 fratrum
1378 2069 1536 2101 Minorum
1558 2078 1596 2101 ac
1616 2068 1648 2101 S.
1670 2067 1794 2109 Clarae,
1823 2073 1856 2101 et

1104 2121 1199 2155 tertio
1229 2122 1268 2155 de
1296 2121 1497 2155 poenitentia
1520 2120 1695 2154 Ordinibus
1715 2131 1774 2164 per
1797 2131 1856 2154 nos

1107 2185 1259 2209 concessa
1278 2175 1426 2215 fuissent,
1452 2174 1667 2214 decernimus,
1698 2175 1855 2218 supplen-

1108 2235 1154 2262 tes
1186 2239 1298 2262 omnes
1318 2234 1346 2262 et
1380 2229 1525 2271 singulos
1555 2228 1635 2261 iuris
1666 2233 1697 2261 et
1720 2228 1795 2261 facti
1819 2238 1858 2261 ac

1107 2282 1361 2322 solemnitatum,
1382 2282 1476 2315 etiam
1498 2282 1537 2314 de
1554 2281 1633 2314 iuris
1651 2281 1855 2321 necessitate,

1108 2343 1163 2369 aut
1183 2336 1260 2368 alias
1280 2335 1526 2378 quomodolibet
1550 2334 1778 2378 requisitarum
1796 2335 1858 2368 for-

1108 2396 1164 2418 san
1185 2385 1390 2424 omissarum,
1411 2391 1441 2417 et
1461 2385 1539 2416 alios
1563 2394 1788 2428 quoscumque
1803 2384 1859 2417 de-

1086 2434 1232 2478 tremus,
1272 2434 1297 2466 si
1331 2433 1386 2477 qui
1422 2432 1529 2466 forsan
1567 2432 1797 2466 intervenerint
1825 2432 1858 2465 in

1087 2481 1090 2534 ᾖ
1109 2483 1244 2517 eisdem.

1087 2535 1091 2585 ἱ
1155 2533 1222 2575 {5-
1255 2532 1411 2571 Quocirca
1438 2531 1676 2565 venerabilibus
1706 2530 1858 2564 fratribus
