2059 3228
341 245 403 293 7ῑὸ

294 326 366 354 rent
382 331 390 360 ;
412 325 442 352 et
461 324 624 363 postremo
645 318 867 351 communitati
888 322 919 351 et
938 317 1041 351 homi-

292 374 387 406 nibus
400 372 534 405 civitatis
549 377 677 404 nostrae
697 371 908 404 Bononiensis
928 371 1040 404 huius-

289 426 378 459 modi
401 424 479 458 nihil
507 424 615 457 damni
640 424 747 457 afferri
772 425 927 463 volentes,
954 423 1040 468 quod

290 479 435 512 notarius
465 478 582 511 artium
614 478 813 519 huiusmodi,
841 478 896 522 qui
920 479 1040 512 electus

289 537 321 565 et
341 532 513 575 deputatus
537 531 647 571 suerit,
670 530 751 564 nihil
772 531 847 564 datii
868 542 924 564 seu
941 530 1039 563 vecti-

288 583 368 627 galis
393 595 430 617 ex
449 583 552 627 globis
581 583 710 618 sericeis
733 589 764 617 et
787 584 908 617 aulaeis
928 583 1040 616 huius-

289 637 375 669 modi
401 648 419 670 a
439 636 671 670 communitate
690 642 721 670 et
740 637 1039 670 hominibusdictae

289 689 424 723 civitatis
443 690 666 730 Bononiensis,
679 690 734 723 sed
750 690 914 723 dumtaxat
934 701 970 724 ex
989 691 1037 723 fo-

287 742 338 775 liis
349 744 510 776 celsorum
526 749 557 777 et
576 754 743 777 mororum
764 743 949 777 huiusmodi
966 754 1038 788 pro-

287 797 430 829 venturis
450 796 482 829 in
497 797 590 830 bonis
610 803 641 830 et
660 797 916 841 possessionibus
936 796 1038 830 eccle-

287 849 423 883 siasticis
457 855 488 883 et
516 850 595 884 locis
628 851 691 894 piis
722 851 896 894 praedictis
929 855 1037 894 petere

287 913 344 936 seu
364 903 490 946 exigere
509 903 621 948 possit,
642 903 812 937 statuimus
836 909 868 937 et
891 903 1036 937 declara-

287 966 371 989 mus.

329 1010 345 1053 ἓ
368 1009 421 1043 15.
448 1010 492 1042 Ac
521 1010 651 1043 tandem
678 1009 831 1043 dilectum
851 1009 954 1042 tilium
977 1019 1035 1042 no-

112 1081 274 1105 mainfinffi.
285 1068 387 1096 strum
398 1065 551 1096 loannem
566 1063 739 1107 Baptistam
760 1063 846 1096 tituli
866 1063 897 1096 S.
920 1063 1036 1095 Mariae

89 1115 274 1167 ζζζὲξωξῐξίζωζὶ
286 1117 318 1149 in
338 1117 503 1150 Ara-Coeli
522 1117 747 1161 presbyterum
765 1117 961 1150 cardinalem
977 1116 1035 1149 Ca-

89 1176 146 1213 nem
172 1178 272 1198 invento-
285 1169 854 1213 strucciumnuncupatum‚ipsarum
866 1168 985 1202 artium
999 1179 1035 1201 ac

88 1211 271 1262 ’.ζἠςιηῗῑῗζῗιω
284 1223 360 1256 dicti
381 1223 564 1263 inventoris,
590 1222 820 1256 introductoris
835 1232 1035 1266 suorumque

282 1277 462 1311 haeredum
483 1283 514 1310 et
531 1279 837 1310 succeswru'n‘sseu
857 1276 896 1309 ab
914 1276 1035 1309 eisdem

282 1331 512 1376 deputatorum
532 1335 763 1374 protectorem,
781 1341 856 1364 cum
868 1335 1035 1374 potestate,

282 1384 433 1417 facultate
454 1389 485 1416 et
500 1383 694 1417 auctoritate
715 1383 824 1417 omnia
844 1389 875 1416 et
896 1383 1033 1426 singula,

283 1448 366 1482 quae
390 1437 429 1470 ad
449 1438 593 1471 osticium
614 1437 807 1481 protectoris
826 1437 963 1470 alicuius
983 1448 1035 1470 ar-

283 1492 323 1525 tis
342 1492 381 1524 de
401 1492 471 1524 iure
489 1491 536 1524 vel
556 1491 792 1524 consuetudine
802 1496 857 1524 aut
868 1491 947 1524 alias
956 1501 1036 1534 quo-

283 1545 461 1578 modolibet
480 1550 625 1589 spectant
645 1550 676 1578 et
691 1545 867 1589 pertinent,
885 1544 1034 1585 faciendi,

284 1598 425 1639 dicendi,
447 1598 591 1642 gerendi,
614 1598 786 1632 exercendi
796 1603 827 1631 et
841 1598 1033 1642 exequendi,

283 1653 432 1694 facimus,
455 1662 616 1693 creamus,
639 1652 867 1685 constituimus
883 1659 914 1685 et
933 1652 1034 1696 depu-

284 1712 401 1749 tamus,
426 1718 463 1740 ac
487 1707 646 1740 nonnulla
672 1706 735 1739 alia
754 1706 907 1750 capitula,
929 1712 1033 1750 pacta,

285 1761 463 1801 facultates,
485 1765 612 1801 statuta,
630 1760 851 1793 ordinationes
867 1765 897 1793 et
909 1760 1036 1793 decreta

285 1815 425 1859 desuper
445 1814 619 1855 edidimus,
642 1819 739 1857 prout
764 1814 798 1846 in
824 1814 896 1846 aliis
919 1814 1036 1847 nostris

285 1868 400 1902 litteris
424 1868 552 1912 plenius
572 1868 770 1901 continetur.

329 1923 344 1966 ᾗ
368 1922 422 1955 iti.
447 1921 581 1955 Necnon
610 1922 853 1955 concessionem
882 1927 914 1954 et
933 1920 1037 1954 indul-

144 1996 272 2018 pfmeme,
286 1981 354 2009 tum
374 1976 501 2020 aliaque
535 1975 644 2009 omnia
682 1975 869 2019 praemissa,
908 1986 1036 2008 necnon

88 2029 183 2084 {t'r'rzfgm
211 2027 272 2080 Ἦξζ
288 2035 471 2073 praesentes
479 2030 601 2063 litteras
610 2029 701 2062 nullo
713 2039 867 2072 umquam
876 2034 1034 2074 tempore,

87 2090 201 2112 notandae.
286 2084 398 2128 quovis
431 2083 577 2128 quaesito
604 2084 714 2117 colore
746 2084 793 2116 vel
829 2083 972 2126 ingenio,
998 2084 1036 2117 de

286 2138 505 2182 subreptionis
530 2138 578 2170 vel
593 2136 793 2181 obreptionis
808 2142 863 2169 aut
883 2137 1037 2170 nullitatis

286 2192 380 2233 vitio,
406 2203 463 2226 seu
491 2192 677 2226 intentionis
707 2197 835 2225 nostrae
859 2192 907 2224 vel
927 2191 1038 2235 quovis·

286 2247 487 2279 aliodel'ectu
502 2246 607 2279 notari
622 2256 678 2279 seu
697 2245 892 2289 impugnari,
910 2251 966 2278 aut
978 2245 1037 2277 sub

286 2300 452 2343 quibusvis
473 2299 744 2339 revocationibus,
773 2299 1038 2342 suspensionibus

286 2354 334 2386 vel
362 2353 626 2396 derogationibus
651 2353 805 2387 similium
826 2353 874 2386 vcl
899 2352 1036 2385 dissimi-

287 2406 368 2439 lium
388 2407 633 2440 concessionum
654 2413 685 2440 et
700 2407 835 2440 aliarum
861 2406 1037 2450 gratiarum

289 2467 306 2488 a
325 2456 418 2489 nobis
444 2463 476 2489 et
504 2457 586 2490 Sede
616 2458 811 2500 ⁴apostolica,
843 2457 938 2489 etiam
964 2467 1037 2488 cum

289 2505 454 2548 quibusvis
473 2507 750 2550 derogatoriarum
772 2506 995 2550 derogatoriis,
1007 2517 1038 2538 a-

289 2555 404 2598 liisque
428 2556 670 2596 enunciet-ibus,
691 2556 920 2588 etlicacissimis
941 2561 971 2588 et
988 2555 1037 2588 in-

289 2604 391 2636 solitis
412 2605 578 2645 clausulis,
606 2605 871 2647 irritantibusquc
909 2610 939 2638 et
969 2604 1038 2637 aliis

288 2652 436 2693 decretis,
466 2654 560 2686 etiam
582 2658 671 2686 motu
705 2653 774 2697 pari
806 2664 865 2696 pro
894 2660 1039 2697 tempore

102 277 152 306 An.
169 279 196 307 C*
216 280 282 309 ¹586

885 267 1061 291 BULLAnnm
1082 266 1231 289 ROMANUM

1077 0 1093 4 t
1928 0 2018 62 ,Ψ

1844 270 1883 297 An
1912 270 1930 298 C
1956 270 2019 300 1585

1081 317 1247 357 emanatis,
1256 318 1487 361 comprehendi
1500 329 1605 362 posse,
1618 319 1672 353 sed
1685 319 1739 352 illa
1749 330 1830 353 sern-

1081 380 1139 413 per
1157 369 1261 403 valida
1281 375 1311 403 et
1326 370 1556 411 efficaciafore,
1570 382 1606 404 ac
1616 372 1742 415 quoties
1755 372 1829 406 illae

1081 423 1289 464 emanabunt,
1299 422 1392 456 toties
1407 423 1439 456 in
1451 423 1622 467 pristinum
1634 429 1664 457 et
1673 424 1828 459 validissi-

1082 486 1169 508 mum
1179 480 1295 508 statum
1308 476 1467 517 restituta,
1478 476 1619 520 reposita
1630 487 1667 510 ac
1680 477 1719 511 de
1732 488 1826 519 novo,

1080 528 1176 561 etiam
1197 529 1257 562 suh
1278 529 1351 562 data
1370 539 1429 572 per
1441 529 1571 562 Petrum
1583 540 1620 562 ac
1632 529 1787 565 haeredes
1797 537 1829 565 et

1079 592 1280 615 successores·
1295 592 1332 615 ac
1350 581 1451 626 ipsius
1466 581 1618 615 Gamerae
1631 583 1783 617 officiales
1797 594 1829 617 a-

1079 635 1203 679 liosque
1217 635 1400 679 praedictos
1415 635 1572 679 eligenda,
1584 646 1737 669 concessa
1745 637 1826 678 fore,

1078 700 1115 722 ac
1135 689 1196 722 vim
1226 689 1324 722 validi
1345 695 1376 722 et
1391 689 1530 723 efficacis
1542 695 1728 723 contractus
1744 689 1829 724 inter

1077 752 1136 775 nos
1147 748 1178 776 et
1193 742 1308 776 Sedem
1324 742 1471 778 eamdem
1484 753 1522 776 ac
1538 742 1611 776 illos
1621 743 1761 788 desuper
1771 743 1827 777 ha-

1077 796 1155 829 bere
1175 802 1206 829 et
1225 796 1384 830 obtinere.

1121 850 1136 893 ἓ
1162 849 1213 883 17.
1240 849 1356 894 Sicque
1376 860 1435 895 per
1453 860 1677 894 quoscumque
1704 849 1827 885 iudices
1865 869 1900 891 510
1913 875 2020 899 mm..

1077 903 1257 936 ordinarios
1277 908 1308 936 et
1327 903 1501 946 delegatos,
1527 903 1623 937 etiam
1655 914 1824 937 causarum
1838 903 2020 954 ssffigffifflffl'

1076 956 1187 989 Palatii
1211 956 1387 1000 Apostolici
1412 956 1596 998 auditores,
1623 967 1661 991 ac
1680 957 1824 991 eiusdem
1973 952 1977 956 ’

1076 1008 1239 1043 Romanae
1259 1009 1420 1044 Ecclesiae
1436 1009 1627 1051 cardinales,
1644 1009 1770 1044 sublata
1780 1010 1826 1044 eis

1076 1068 1107 1096 et
1127 1074 1239 1096 eorum
1260 1063 1394 1096 cuilibet
1413 1063 1524 1107 quavis
1548 1063 1641 1097 aliter
1660 1063 1825 1097 iudicandi

1076 1122 1106 1150 et
1134 1117 1366 1161 interpretandi
1390 1117 1543 1150 facultate
1567 1122 1598 1150 et
1621 1117 1823 1159 auctoritate,

1076 1170 1197 1214 ubique
1217 1169 1354 1203 iudicari
1374 1175 1405 1203 et
1420 1170 1547 1203 deliniri
1562 1169 1680 1204 debere
1691 1181 1700 1211 ;
1721 1181 1759 1204 ac
1781 1171 1826 1204 ir-

1077 1223 1174 1256 ritum
1195 1228 1226 1256 et
1244 1222 1339 1256 inane
1361 1222 1517 1267 quicquid
1537 1233 1630 1256 secus
1657 1233 1755 1268 super
1777 1223 1828 1257 his

1075 1287 1094 1309 a
1113 1287 1279 1320 quoquam
1293 1302 1301 1318 ,
1323 1276 1436 1320 quavis
1455 1276 1646 1310 auctoritate
1658 1303 1666 1318 ,
1689 1277 1828 1311 scienter

1075 1331 1123 1363 vel
1157 1330 1360 1373 ignoranter,
1392 1330 1563 1373 contigerit
1590 1330 1742 1365 attentari
1773 1331 1828 1365 de-

1076 1383 1251 1417 cernimus.

1119 1438 1135 1481 g
1164 1438 1213 1471 18.
1240 1437 1426 1471 Mandantes
1457 1443 1630 1481 propterea
1653 1448 1712 1482 per
1734 1448 1826 1482 prae·
1886 1457 1926 1478 em
1939 1457 2020 1485 „mn

1075 1497 1181 1525 sentes
1195 1491 1266 1535 pari
1287 1491 1383 1525 modo
1402 1490 1566 1535 praedicto
1586 1491 1698 1525 loanni
1716 1491 1825 1536 Bapti-
1838 1489 2020 1541 {fggssmfflffiss

1075 1551 1142 1578 stae
1167 1544 1323 1578 cardinali
1348 1549 1380 1578 et
1402 1545 1592 1588 protectori,
1614 1555 1651 1578 ac
1674 1544 1889 1578 omnihussarii
1907 1549 2006 1576 mutui·

1076 1604 1107 1632 et
1127 1598 1262 1641 singulis
1281 1598 1380 1632 totius
1403 1598 1510 1631 status
1529 1598 1688 1643 praedicti
1713 1597 1827 1641 legatis

1076 1658 1106 1686 et
1129 1652 1323 1696 vicelegatis,
1353 1662 1483 1685 necnon
1502 1651 1775 1695 gubernatoribus
1794 1656 1826 1685 et

1076 1706 1288 1749 potestatibus
1315 1716 1352 1738 ac
1381 1705 1453 1738 aliis
1472 1704 1734 1748 magistratibus,
1756 1704 1828 1748 qui-

1075 1761 1280 1803 buscumque
1299 1758 1486 1792 nominibus
1498 1763 1691 1792 censeantur
1707 1769 1744 1792 ac
1756 1758 1826 1802 qui-

1076 1813 1182 1846 busvis
1207 1814 1429 1858 praefulgeant
1452 1812 1672 1855 dignitatibus,
1699 1821 1826 1845 necnon

1077 1866 1240 1911 quibusvis
1260 1867 1342 1907 aliis,
1360 1865 1470 1910 quavis
1487 1866 1677 1899 auctoritate
1688 1866 1824 1909 fungen-

1078 1921 1173 1961 tibus,
1186 1921 1315 1960 l'aciant‚
1328 1919 1518 1953 auctoritate
1533 1924 1654 1960 nostra,
1672 1920 1782 1952 omnia
1796 1924 1826 1952 et

1077 1975 1203 2018 singula
1227 1975 1404 2018 praeniissa
1422 1974 1462 2006 ab
1487 1973 1638 2007 omnibus
1657 1972 1825 2006 inviolabi-

1077 2030 1150 2062 liter
1164 2029 1338 2061 observari.

1120 2084 1135 2126 g
1159 2081 1212 2115 119.
1238 2082 1308 2115 Non
1332 2080 1826 2115 obstantibusconstitutionibus

1078 2143 1107 2169 et
1127 2135 1385 2169 ordinationibus
1399 2134 1596 2178 apostolicisg
1608 2134 1744 2167 acUrbis
1753 2143 1828 2167 nec-

1078 2200 1143 2222 non
1167 2189 1343 2230 civitatum,
1366 2195 1536 2227 terrarum,
1561 2194 1753 2228 castrorum,
1767 2197 1825 2231 op-

1077 2243 1428 2286 pidorumetlocorum
1453 2252 1580 2275 necnon
1600 2242 1706 2275 Status
1718 2240 1826 2275 Eccle-

1078 2297 1195 2330 siastici
1220 2296 1472 2340 praedictorum,
1508 2295 1603 2328 etiam
1628 2295 1824 2335 iuramento,

1078 2351 1325 2383 confirmatione
1359 2349 1535 2393 apostolica
1562 2349 1609 2381 vel
1636 2348 1746 2392 quavis
1770 2348 1826 2381 fir-

1080 2404 1188 2437 mitate
1209 2404 1270 2437 alia
1290 2403 1462 2444 roboratis,
1489 2403 1616 2436 statutis
1639 2409 1670 2436 et
1689 2411 1825 2436 consue-

1079 2453 1257 2492 tudinibus3
1279 2453 1453 2496 privilegiis
1474 2462 1618 2496 quoqne,
1644 2451 1779 2485 indultis
1795 2457 1827 2484 et

1079 2502 1193 2536 litteris
1217 2502 1414 2546 apostolicis,
1440 2502 1536 2535 etiam
1563 2507 1652 2534 motu
1676 2500 1773 2534 simili
1789 2510 1826 2533 ac

1079 2552 1174 2585 etium
1195 2551 1461 2585 consistorialiter
1480 2551 1652 2592 concessis,
1668 2549 1826 2594 approba-

1081 2602 1118 2635 tis
1138 2607 1168 2634 et
1185 2601 1353 2634 innovatis.
1376 2600 1498 2640 Quibus
1517 2600 1678 2640 omnibus,
1700 2597 1824 2631 etiamsi

1080 2653 1190 2686 dcillis
1205 2652 1365 2697 specialis,
1387 2651 1548 2695 specifica,
1569 2659 1718 2695 expressa
1736 2648 1824 2682 etin-

1910 2097 2019 2122 vernantia

1839 2127 2000 2148 contrariorum.
