2059 3228
105 220 157 246 An.
175 220 203 247 c.
227 219 294 247 1572
346 220 387 253 530

888 233 1069 257 BULLARIUM
1088 234 1239 259 noitxtx'ttit

306 295 505 327 mosynarum
543 290 570 317 et
604 285 807 327 largitionum
840 286 1045 326 huiusmodi,
1077 297 1188 320 corum
1221 288 1407 329 ordinariis,
1431 288 1526 321 etiam
1560 295 1717 333 tamquam
1743 291 1823 334 Apo-

303 348 501 380 quorumque
528 338 655 370 nomine
679 344 944 382 nuncupatarum,
969 349 1045 382 quo—

303 401 438 432 cumque
464 396 603 432 tempore
627 396 656 423 et
682 391 774 424 modo
798 391 944 425 distribui
975 391 1045 424 soli-

304 447 417 477 tarum.
443 442 536 473 etiam
562 442 587 474 si
612 443 737 485 speciali
763 449 836 477 nota
860 445 989 488 dignae,
1015 450 1044 477 et

306 494 479 526 secundum
498 494 565 537 pias
589 494 807 529 defunctorum
833 502 884 529 aut
910 497 1043 530 aliorum

302 547 484 585 voluntates,
499 546 557 579 sub
573 553 659 580 certa
676 548 775 581 forma
793 549 832 581 ab
849 549 894 582 eis
906 549 937 581 in
953 554 1044 581 testa-

301 603 407 629 mento
427 599 432 614 ⁸
454 599 499 631 vel
523 599 582 631 alia
607 611 804 643 quacumque
829 601 1043 644 dispositione,

301 650 536 684 distribuendae
560 651 621 685 sint
639 652 823 695 (dummodo
848 663 911 685 non
928 653 961 685 in
978 664 1044 685 cei·-

302 707 348 733 tas
366 712 527 744 personas,
545 713 602 736 nec
619 704 657 736 ad
673 710 775 738 certos
792 716 866 737 usus
883 704 951 748 pios
968 705 1044 737 alios

301 765 394 796 quam
413 755 512 787 victus
529 761 555 788 et
575 756 723 789 alimenta
740 767 915 799 [iaiiperum
940 756 1044 788 distri-

301 806 479 849 buantur),
505 808 698 851 quibuslibet.
722 810 955 853 praedictarum
981 819 1045 842 mo-

301 858 442 900 nialium,
467 859 563 893 etiam
580 861 818 900 Tertiariarum,
839 862 897 895 sub
914 862 1043 895 solemni

301 911 473 954 Religionis
503 918 573 945 voto
602 918 632 946 et
662 919 815 957 perpetua
839 914 984 946 clausura
1007 913 1045 946 de

301 969 405 998 cetero
423 965 610 1007 viventibus,
623 971 651 999 et
671 966 702 998 in
721 972 762 999 tei
771 966 814 999 ris
826 971 855 999 et
870 966 955 1006 locis,
969 976 1044 1009 quo-

302 1028 372 1050 rum
398 1019 589 1062 pauperibus
617 1019 799 1052 huiusmodi
831 1020 1045 1062 eleemosynae

300 1070 544 1111 distribuuntur,
569 1072 822 1112 consistentibus,
848 1083 929 1112 vere,
954 1073 1045 1105 reali-

300 1130 348 1157 ter
371 1130 401 1156 ct
425 1135 496 1156 cum
514 1124 636 1164 effectu,
653 1130 684 1157 et
700 1125 818 1168 absque
834 1125 896 1157 ulla
913 1125 1045 1158 eleemo-

299 1187 446 1219 synarum
472 1182 502 1210 et
526 1178 730 1220 largitionum
756 1178 937 1211 huiusmodi
967 1178 1045 1221 peti-

300 1229 395 1266 tione,
421 1230 582 1263 exactione
607 1236 635 1263 et
660 1231 892 1274 conquisitione
917 1238 970 1265 aut
986 1232 1045 1264 alia

300 1281 435 1324 desuper
458 1293 475 1314 a
508 1282 599 1315 nobis
630 1289 791 1325 expectata
823 1283 960 1317 iussione
992 1289 1042 1316 aut

302 1333 418 1366 mentis
443 1340 567 1367 nostrae
593 1336 815 1375 declaratione,
833 1347 867 1368 ac
885 1336 1046 1379 quibusvis¹

301 1397 408 1427 mora,
433 1388 628 1430 subterfugio
653 1399 689 1421 ac
712 1388 893 1431 exceptione
923 1399 1046 1421 cessan-

300 1439 385 1471 tibus
415 1444 446 1472 et
476 1440 604 1481 eiectis,
629 1441 703 1473 dare
735 1447 828 1484 atque
858 1441 1045 1474 distribuere

300 1491 431 1524 omnino
463 1496 651 1534 teneantur,
683 1499 712 1526 et
745 1505 838 1537 quam
883 1494 1046 1527 dimidiam

303 1549 426 1586 partem
451 1555 508 1577 nos
536 1546 595 1577 illis
618 1547 822 1589 applicamus.

344 1597 359 1640 ξ
383 1598 412 1630 4.
439 1598 477 1630 Ut
501 1605 606 1631 autem
632 1597 806 1642 praemissa
837 1599 944 1632 omnia
975 1610 1046 1632 cum

127 1663 235 1683 ominata
260 1664 292 1682 10-
302 1649 431 1683 caritate
456 1656 486 1683 et
510 1651 625 1694 pietate
651 1652 837 1695 procedant,
861 1657 891 1684 et
915 1652 1047 1685 efficaci-

101 1696 176 1710 eorum
203 1690 292 1713 exigant

103 1717 249 1741 etappticeut
271 1707 349 1736 ater
378 1714 469 1735 suum
502 1704 647 1737 effectum
679 1704 869 1744 sortiantur,
894 1705 1048 1738 universis

102 1744 231 1762 distribuant
253 1744 293 1762 hu·

100 1770 194 1789 {asmodi
233 1761 331 1789 exeo-ct
347 1755 479 1798 singulis
496 1757 695 1799 patriarchis,
708 1757 968 1800 archiepiscopis,
982 1758 1047 1802 epi—

102 1802 212 1821 mosynas3

301 1808 402 1851 scopis
419 1814 447 1841 ct
466 1809 535 1842 aliis
552 1810 693 1842 locorum
710 1810 884 1843 ordinariis
900 1822 957 1854 per
973 1822 1046 1855 apo-

301 1861 409 1893 stolica
427 1861 543 1904 scripta
560 1862 748 1895 mandamus
771 1868 806 1895 ut
830 1863 974 1906 quisque,
992 1875 1048 1907 per

300 1925 330 1945 sc
355 1916 401 1947 vel
425 1915 521 1947 alium
550 1926 604 1948 scu
635 1915 712 1948 alios
730 1943 737 1956 ,
763 1916 801 1948 ad
833 1917 1045 1958 praesentium

299 1967 515 2000 executionem
534 1968 565 1999 in
591 1968 655 2000 suis
679 1967 861 2001 civitatibus
878 1974 908 2001 et
925 1969 1046 2002 dioece-

299 2021 384 2053 sibus
409 2020 592 2064 procedens,
610 2021 649 2053 ab
667 2019 816 2060 eeclesiis,
834 2021 1045 2061 monasteriis,

301 2072 508 2115 hospitalibus
522 2101 529 2113 ,
554 2073 866 2106 confraternitatibus
883 2101 891 2114 ‚
916 2074 1046 2110 scholis,

301 2125 456 2167 collegiis,
481 2126 572 2165 loeis,
598 2131 627 2157 et
651 2124 870 2158 ecclesiasticis
894 2136 929 2158 ac
960 2126 1046 2159 laicis

302 2179 444 2221 personis
476 2178 652 2222 prafdictis,
683 2177 779 2210 etiam
811 2177 1047 2220 quomodolibet

303 2232 476 2275 exemptis,
501 2232 668 2264 dimidium
693 2231 963 2273 eleemosynarum
990 2231 1047 2263 hu-

302 2285 436 2318 iusmodi
461 2285 597 2327 exigant,
621 2296 657 2317 ac
681 2294 737 2328 pro
761 2283 915 2326 portione,
940 2289 974 2316 ut
997 2294 1048 2316 or-

302 2338 434 2371 dinariis
459 2338 533 2380 ipsis
558 2339 698 2370 locorum
722 2346 858 2379 aequum
882 2346 947 2368 esse
964 2335 1047 2368 vide-

302 2391 398 2429 bitur,
410 2390 541 2432 singulis
555 2399 728 2432 pauperum
742 2387 938 2427 monialium,
952 2387 1046 2420 etiam

302 2443 541 2482 Tertiariarum,
559 2441 756 2474 monasteriis
772 2440 964 2485 huiusmoss
977 2431 1064 2475 sua-i
1075 2455 1124 2477 sas
1147 2443 1312 2487 professaS,
1331 2453 1409 2486 quas
1431 2442 1613 2486 praedictus
1629 2441 1702 2474 Pius
1725 2452 1817 2485 prae-
1824 2448 1882 2495 {pv
1895 2450 2019 2496 ἓξὲξ.-

303 2507 373 2528 rum
392 2495 553 2527 civitatum
571 2501 600 2527 et
618 2495 806 2535 dioecesum,
824 2494 919 2527 etiam
936 2493 960 2527 si
978 2495 1046 2528 aliis
1074 2497 1218 2530 decessor
1234 2505 1291 2538 per
1307 2495 1483 2538 praedictas
1499 2494 1629 2534 litteras,
1647 2493 1705 2526 sub
1721 2499 1928 2554 cerusssss‘gffl
1940 2504 2023 2527 eum

303 2547 519 2591 superioribus
553 2548 713 2580 subiectae
748 2548 830 2588 sint,
865 2558 938 2580 curu
972 2548 1044 2580 eile-

302 2607 354 2634 ctu
390 2601 589 2634 distribuant.
625 2602 685 2634 Nos
720 2602 805 2633 enim
841 2600 959 2634 eisdem
1000 2600 1044 2633 lo-

340 2657 346 2672 ¹
371 2653 453 2681 Deest
472 2654 588 2681 forsitan
603 2655 696 2688 posita
718 2655 757 2689 (R.
776 2654 823 2688 T.).

1074 340 1200 373 stolicae
1219 340 1305 373 Sedis
1321 340 1481 383 delegatis,
1498 352 1534 374 ae
1551 342 1678 374 cuilibet
1696 343 1822 376 illorum

1076 399 1137 426 tam
1151 404 1208 436 per
1220 404 1251 426 se
1269 404 1365 436 quam
1382 393 1479 426 alium
1496 395 1541 426 vel
1559 394 1645 432 alios.
1660 395 1822 437 praemissa

1075 446 1219 485 faciendi,
1237 456 1272 479 ac
1290 446 1384 478 etiam
1403 447 1650 480 contradictores
1667 448 1824 490 quoslihet

1073 505 1101 532 et
1127 500 1257 532 rebelles
1288 510 1345 542 per
1375 509 1492 541 poenas
1523 500 1744 542 pecuniarias,
1769 510 1823 532 eo-

1073 552 1216 585 rumdem
1241 552 1478 585 ordinariorum
1502 556 1533 584 et
1556 551 1725 585 cuiuslibet
1755 552 1820 584 itto-

1073 616 1143 637 rum
1169 605 1303 637 arbitrio
1331 604 1521 647 infligendas
1545 609 1574 636 et
1603 605 1824 648 applicandas,

1073 667 1108 689 ac
1133 657 1163 689 in
1188 657 1363 690 subsidium
1396 656 1586 697 sententias,
1615 667 1762 690 censuras
1791 663 1824 691 et

1074 720 1189 752 poenas
1224 709 1446 743 ecclesiasticas
1481 709 1608 751 aliaque
1645 715 1822 752 opportuna

1074 760 1151 794 iuris
1181 767 1212 794 et
1242 762 1314 794 facti
1346 762 1504 801 remedia,
1530 772 1731 804 quacumque
1762 772 1816 805 ap-

1073 813 1238 855 pellatione
1269 813 1458 857 postposita,
1491 813 1662 856 respective
1694 823 1818 856 compe-

1074 865 1195 906 scendi,
1233 866 1448 909 auxiliumque
1489 866 1611 898 brachii
1652 866 1821 899 saecularis

1074 918 1249 956 invocandi,
1274 918 1398 961 aliaque
1422 918 1454 950 in
1479 917 1658 960 praemissis
1681 923 1711 951 et
1734 917 1819 950 circa

1074 982 1108 1004 ca
1133 971 1306 1004 necessaria
1329 977 1361 1004 et
1390 977 1568 1014 opportuna
1598 970 1742 1012 faciendi,
1767 980 1820 1012 ge-

1074 1025 1171 1065 rendi,
1197 1023 1368 1056 mandandi
1392 1029 1423 1056 et
1446 1023 1631 1066 exequendi,
1648 1023 1773 1066 plenam
1790 1026 1822 1055 et

1073 1077 1203 1110 liberam
1231 1077 1409 1109 facultatem
1433 1081 1463 1108 et
1493 1075 1714 1108 auctoritatem
1745 1083 1820 1108 con-

1074 1130 1212 1162 cedimus
1235 1134 1266 1162 et
1290 1129 1504 1172 impartimur.

1116 1182 1131 1223 ,ξ
1155 1182 1184 1214 5.
1208 1182 1355 1224 Insuper,
1380 1181 1454 1224 quia
1478 1181 1566 1214 valde
1596 1181 1713 1214 rationi
1743 1190 1819 1214 con·
1855 1184 2023 1214 οουειιιιιιιῑιι·

1828 1222 1896 1240 osque
1935 1221 1986 1236 mou
1993 1227 1995 1231 ι
2008 1234 2014 1236 .

1834 228 1884 257 An.
1902 229 1931 256 C.
1952 229 2029 263 1572

1074 1244 1185 1266 sonum
1208 1239 1253 1266 est
1277 1238 1311 1266 ut
1335 1233 1430 1266 etiam
1453 1233 1486 1274 ii,
1504 1233 1558 1277 qui
1582 1233 1659 1277 ipsis
1675 1233 1818 1266 moniali·
1829 1243 1883 1262 uum
1910 1245 1932 1263 ez
1961 1242 2016 1262 ¹11*
2050 1236 2055 1274 ἵ,

1075 1286 1143 1326 bus,
1159 1285 1252 1318 etiam
1275 1286 1445 1327 Tertiariis,
1462 1286 1674 1329 indigentibus
1697 1270 2010 1330 p1·aesa-ii{'1'1'1⁹¹'‘'=¹1{0‘2im

1792 1339 1798 1344 .
1829 1323 1869 1342 bus
1907 1323 2023 1343 arn-ss
2054 1334 2055 1339 1

1075 1338 1114 1371 tis
1137 1338 1406 1380 consanguinitate
1430 1338 1534 1381 aliqua
1551 1343 1622 1371 sunt
1640 1338 1968 1380 coniunctiffubvenum.
2012 1383 2014 1385 Ι

1075 1391 1201 1434 aliquod
1214 1391 1245 1424 in
1257 1391 1437 1435 praemissis
1453 1391 1631 1424 subsidium
1643 1391 1818 1432 conferant,

1075 1455 1145 1477 eum
1169 1444 1250 1476 ratio
1274 1443 1436 1487 sanguinis
1459 1449 1489 1477 et
1512 1443 1654 1477 debitum
1678 1443 1820 1477 caritatis

1075 1501 1105 1530 et
1120 1496 1291 1529 honestatis
1314 1496 1346 1529 id
1369 1497 1514 1540 postulet,
1531 1495 1662 1539 singuli-s
1678 1497 1820 1529 locorum
1839 1519 1841 1521 -

1075 1549 1244 1583 ordinariis
1267 1549 1500 1582 committimus
1522 1554 1556 1582 ut
1580 1548 1666 1582 omni
1683 1559 1736 1582 eos
1752 1547 1820 1581 offi-

1076 1602 1123 1635 cio
1147 1607 1174 1635 et
1200 1601 1363 1644 diligentia
1394 1611 1523 1634 monere
1555 1601 1662 1644 eisque
1693 1611 1820 1644 persua-

1076 1656 1148 1688 dere
1171 1654 1325 1694 studeant3
1343 1658 1488 1697 parentes
1512 1663 1584 1686 vero
1608 1657 1638 1685 et
1655 1653 1821 1686 fratresac

1076 1707 1161 1747 alios,
1178 1706 1217 1739 ad
1241 1716 1319 1749 quos
1343 1706 1419 1747 illas,
1437 1705 1462 1738 si
1487 1706 1520 1738 in
1537 1706 1659 1739 saeculo
1675 1715 1822 1748 perman-

1076 1759 1202 1799 sissent,
1226 1759 1335 1792 dotare
1366 1759 1566 1802 pertinebat;
1595 1760 1644 1793 vel
1671 1759 1710 1791 ad
1742 1768 1821 1802 quos

1076 1812 1158 1844 bona
1181 1816 1211 1844 et
1233 1811 1444 1844 successiones
1467 1811 1676 1851 devenerunt;
1700 1816 1732 1844 et
1755 1811 1822 1854 qui,

1076 1864 1100 1896 si
1135 1874 1188 1896 eas
1222 1863 1335 1906 nuptui
1372 1863 1596 1904 tradidissent,
1627 1863 1726 1896 multo
1756 1873 1824 1896 am-

1077 1917 1172 1961 plius,
1196 1927 1290 1959 quam
1315 1915 1566 1958 ingredientibus
1593 1915 1822 1949 monasterium

1075 1971 1243 2009 dedissent;
1265 1969 1312 2001 vel
1336 1968 1400 2012 qui,
1425 1968 1451 2001 si
1475 1979 1528 2001 eas
1551 1978 1637 2000 nunc
1661 1967 1748 2000 domi
1772 1977 1823 2000 re-

1077 2024 1224 2063 tinerent,
1238 2022 1286 2054 vel
1303 2021 1327 2054 si
1345 2021 1384 2054 ad
1402 2021 1527 2053 illorum
1541 2020 1651 2053 domos
1668 2019 1823 2060 redirent,

1076 2087 1127 2109 eas
1150 2076 1232 2108 alere
1256 2078 1462 2113 tenerentur,
1488 2073 1741 2116 quibuscumque
1764 2071 1823 2105 viis

1076 2128 1152 2172 ipsis
1182 2126 1337 2160 benevisis
1368 2127 1519 2159 inducant
1549 2131 1584 2158 ut
1612 2125 1822 2167 monialibus,

1076 2181 1170 2214 etiam
1195 2181 1218 2212 T
1222 2179 1372 2219 ertiariis,
1396 2178 1577 2222 praedietis,
1602 2178 1688 2210 iuxta
1711 2188 1822 2210 eorum

1077 2234 1253 2273 facultates,
1283 2231 1449 2264 caritative
1479 2231 1682 2271 subveniant,
1712 2230 1822 2269 scituri

1076 2287 1107 2319 id
1131 2285 1191 2319 sibi
1215 2285 1310 2318 ctiam
1335 2285 1374 2317 ad
1399 2285 1578 2317 animarum
1603 2285 1736 2317 salutem
1752 2284 1821 2327 plu-

1077 2341 1194 2372 rimum
1218 2338 1430 2382 profuturum.
1683 2364 1687 2370 .

1119 2392 1133 2435 g
1157 2391 1186 2424 6.
1210 2390 1364 2431 Ceterum,
1382 2390 1466 2433 quod
1489 2389 1604 2422 attinet
1630 2389 1669 2422 ad
1685 2398 1816 2421 conver-

1073 2547 1308 2583 conditionibus
1324 2547 1368 2580 ibi
1385 2547 1552 2588 contentis,
1564 2546 1708 2590 permisit
1723 2557 1815 2590 posse

1073 2611 1201 2636 manere
1224 2604 1310 2634 extra
1333 2600 1526 2635 monasteria
1547 2610 1606 2644 pro
1629 2599 1814 2643 colligendis

1893 2395 2018 2418 noel-nno

1856 2423 2019 2444 constitutioni·
