2059 3228
55 238 82 275 „j
93 247 120 274 c.
143 248 205 277 um

224 313 288 349 quo
308 301 447 336 officium
470 299 579 333 suisset,
598 309 633 331 ex
645 299 804 332 voluntate
821 299 963 332 tidelium

221 354 461 393 celebrandum,
485 353 516 384 in
538 353 631 384 missa
656 352 856 385 conventuali
879 352 964 384 cele-

219 409 352 447 brunda,
368 405 708 441 commemorationem
721 415 777 448 per
788 415 963 445 congruam

221 462 414 500 orationem,
436 459 521 491 iuxta
542 457 734 502 nuper-editi
754 456 888 489 missalis
904 458 964 490 sor-

218 524 316 555 mam,
344 514 447 546 sacere
468 512 600 556 possint,
630 511 812 543 facultatem
846 509 964 553 impar-

218 567 329 601 timur.

261 621 276 664 ,ξ
295 619 327 653 2.
357 620 526 652 Praeterea
552 616 721 650 statuimus
740 616 825 659 quod
846 622 877 648 in
909 628 961 649 ec-

43 677 201 700 ·fflmssfflffl'fl'ffl
216 673 333 714 etesiis,
357 674 388 706 in
409 672 527 716 quibus
546 671 634 704 dotes
650 680 708 713 per
727 670 962 713 reges‚p1·in‹=i-

40 705 153 758 'fflimm
167 705 201 759 ‘22
212 737 270 772 pes
290 732 344 760 aut
363 726 522 769 praelatos
550 724 597 756 vel
618 723 696 755 alios
722 733 958 766 quoscumque,

51 766 163 790 ⁰¹²¹⁰²⁰¹
212 791 272 825 pro
292 779 379 813 sestis
405 779 438 811 in
468 777 626 810 breviario
657 781 712 808 aut
744 776 864 809 missali
895 787 960 809 non

211 831 453 877 comprehensis
464 828 674 869 celebrandis,
689 829 880 862 constitutae
890 829 959 862 sue-

211 892 297 927 runt,
318 891 353 919 ut
372 883 564 929 praefertur,
587 882 673 926 quod
684 882 722 915 dc
736 892 773 915 ea
792 882 959 915 festivitate

209 937 243 972 in
254 939 339 972 dicta
352 936 498 976 ecclesia,
511 936 541 969 in
552 947 616 979 qua
627 934 831 968 illainstituta
849 936 956 976 suerit,

209 992 384 1031 dumtaxat,
407 995 437 1023 et
456 1000 520 1022 non
541 993 627 1021 extra
647 988 745 1028 illam,
762 999 958 1022 commemo-

208 1045 290 1078 ratio
310 1044 379 1077 fieri
404 1043 503 1087 possit
523 1047 593 1085 post
613 1041 792 1074 orationem
811 1042 873 1075 diei
891 1047 956 1075 tam

208 1095 242 1130 in
261 1097 367 1130 officio
391 1106 489 1140 quam
510 1095 541 1128 in
567 1095 664 1128 missa
684 1100 890 1136 occurrente,
907 1096 956 1128 vel

207 1154 280 1194 post
300 1149 429 1183 missam
443 1149 506 1181 diei
528 1153 656 1181 cantare
672 1148 766 1180 aliam
778 1148 907 1181 missam
919 1149 957 1181 de

207 1201 394 1236 huiusmodi
415 1200 603 1235 sestovotivo
617 1211 672 1234 seu
684 1201 803 1241 dotato;
817 1201 872 1234 ubi
882 1212 956 1235 vero

206 1256 246 1289 de
265 1249 365 1299 partis
381 1254 522 1288 victoriis
542 1254 603 1287 erit
622 1255 795 1296 agendum,
813 1254 838 1286 si
855 1254 887 1287 in
903 1254 957 1288 illa

206 1307 258 1341 die
278 1313 428 1341 occurrat
447 1307 561 1340 festum
583 1307 714 1350 duplex,
733 1307 771 1339 de
791 1306 861 1350 ipso
878 1308 956 1341 sesto

207 1361 328 1405 duplici
337 1361 477 1394 officium
488 1366 518 1393 et
527 1360 621 1393 missa
631 1360 719 1400 fient,
730 1366 760 1393 et
769 1361 956 1395 nonaleetio

207 1414 332 1457 legatur
351 1414 388 1447 de
401 1413 468 1457 ipsa
478 1413 622 1453 victoria,
634 1418 664 1447 et
675 1414 713 1446 de.
726 1414 779 1446 illa
791 1414 845 1446 siet
867 1425 956 1447 com-

206 1467 408 1508 memoratio,
431 1472 494 1499 tam
516 1466 548 1499 in
568 1466 674 1499 officio
685 1467 827 1510 quamin
849 1467 955 1507 missa,

203 1526 265 1562 per
283 1520 475 1564 antiphonas
494 1524 523 1552 et
540 1519 714 1552 versiculos
734 1530 809 1552 suos
829 1525 859 1553 et
882 1531 955 1553 ora-

204 1571 327 1606 tionem
343 1573 382 1606 de
398 1572 573 1616 gratiarum
593 1573 732 1613 actione3
755 1572 780 1605 si
799 1578 906 1606 autem
923 1574 955 1606 in

205 1625 275 1669 ipsa
293 1626 344 1659 die
365 1631 513 1659 occurrat,
525 1626 639 1659 festum
652 1625 787 1669 simplex
798 1627 846 1658 vel
861 1627 956 1659 senni-

204 1679 322 1723 duplex
342 1679 389 1712 vel
411 1679 500 1718 seria,
523 1684 625 1712 totum
648 1679 790 1712 officium
810 1684 839 1712 et
860 1679 955 1713 missa

203 1731 282 1765 fient
301 1732 340 1764 de
361 1732 429 1775 ipsa
450 1732 592 1771 victoria,
615 1736 712 1775 prout
735 1731 891 1765 hactenus
915 1733 954 1767 de

208 1783 263 1817 illo
280 1784 384 1817 facere
410 1785 490 1817 soliti
504 1790 605 1823 eraut,
622 1795 694 1817 cum
718 1795 953 1818 commemora-

190 1836 294 1875 ,tione
330 1836 435 1870 Sancti
469 1837 622 1880 simplicis
655 1837 703 1870 vel
733 1838 954 1881 semiduplicis

207 1900 243 1923 ac
267 1890 363 1923 etiam
384 1890 492 1930 feriae,
511 1891 585 1923 side
604 1890 665 1922 illis
686 1890 747 1923 erit
765 1891 803 1924 de
822 1892 951 1934 quibus,

200 1943 284 1976 dum
308 1943 450 1976 occurrit
468 1944 596 1984 festum,
624 1945 889 1978 commemoratio
907 1946 953 1978 fa-

196 1996 322 2030 cienda
341 2001 399 2029 est.

249 2049 265 2092 ἓ
284 2049 315 2083 3.
336 2049 553 2083 Decernentes
568 2060 626 2093 per
645 2055 831 2094 praesentes
850 2051 952 2083 aomi-

48 2113 78 2135 Λα
94 2114 134 2135 nna
149 2101 403 2143 n0„·nistratores‚
433 2103 587 2147 capitula,
615 2103 785 2146 dignitates
809 2104 858 2136 vel
876 2115 952 2146 per-

25 2150 60 2196 f?
75 2145 190 2196 Ἕῗζξζζῇῗ
207 2159 336 2187 senatus
355 2155 388 2188 in
399 2156 491 2189 dictis
506 2156 650 2189 ecclesiis
669 2156 861 2197 obtinentes,
881 2157 952 2190 illa—

31 2200 190 2228 ⁴'‘'“⁰⁰¹³·³‘f⁸¹'⁰
208 2217 345 2250 rumque
371 2208 553 2248 canonicos,
585 2209 793 2242 beneficiatos
819 2215 850 2242 et
876 2209 952 2243 alias

24 2237 190 2296 Ῡῗῗυιᾷερῖιᾙῖἷ
207 2269 360 2303 personas
384 2271 605 2304 quascumque
623 2261 783 2295 dictarum
800 2262 951 2295 ecclesia-

11 2302 65 2319 sentt
85 2301 190 2321 eonstitu-

20 2329 68 2351 Μ».
88 2330 188 2352 „udam
208 2323 293 2353 rum,
313 2323 518 2356 quocumque
528 2313 658 2347 nomine
678 2321 950 2359 nuncupatarum‚

207 2366 246 2398 ad
263 2365 375 2405 alium,
392 2376 489 2408 quam
499 2371 535 2398 ut
550 2367 782 2410 praescriptum
796 2373 853 2409 est,
867 2368 950 2400 reci-

826 248 1001 272 macomus
1026 249 1079 271 x‘ttt
1108 249 1152 271 ΡΡ.

187 2428 190 2431 ’
208 2418 294 2451 tandi
306 2418 950 2458 modum,etritumacmoremobservan-
970 2453 972 2472 ι
1036 2456 1044 2465 ἱ

207 2468 285 2500 dum
306 2467 437 2499 minime
450 2468 563 2505 teneri,
576 2479 635 2501 nec
647 2469 684 2501 ad
698 2469 728 2501 id
740 2480 797 2512 per
812 2470 948 2512 aliquos,
970 2473 971 2484 ³
992 2470 1098 2510 nibus,
1118 2470 1536 2513 quusillacquomodolibet
1552 2471 1737 2515 respiciunt,

207 2516 302 2549 etiam
323 2516 347 2548 si
368 2515 580 2549 devolutionis
596 2516 755 2549 bonorum
773 2529 888 2560 poena,
907 2525 950 2551 te·
992 2520 1202 2557 innotescant,
1226 2518 1354 2551 illarum
1377 2519 1541 2563 exemplis,
1563 2520 1657 2553 etiam
1680 2520 1722 2552 im

206 2565 381 2605 statuentis,
404 2564 526 2606 legatis,
549 2564 705 2597 codicillis
723 2565 857 2608 aliisque
878 2567 949 2608 qui-
991 2568 1119 2610 pressis,
1142 2567 1386 2600 mauitalicuius
1398 2569 1513 2603 notarii
1530 2570 1649 2612 publici
1664 2570 1737 2602 sub-

204 2613 405 2657 buscumque
416 2613 681 2657 dispositionibus
691 2614 729 2647 ad
748 2615 947 2648 t'avorcmec-
968 2611 972 2661 Ι
990 2616 1130 2659 scriptis,
1152 2622 1179 2647 et
1201 2616 1306 2658 sigillo
1326 2621 1384 2649 ets.

1649 242 1704 274 *tot

1008 300 1180 332 etesiarum
1201 299 1395 343 illorumspie
1415 301 1633 334 ministrorum
1654 303 1755 343 sactis,

1007 353 1132 384 adiecta
1150 358 1241 391 esset,
1256 354 1278 385 si
1303 354 1331 385 iu
1353 355 1397 385 vis
1418 360 1566 388 contenta
1579 366 1641 388 non
1657 356 1758 388 :ulim-

1006 405 1176 448 pleverint,
1207 416 1264 448 per
1301 407 1437 449 aliquos,
1475 408 1570 441 etiam
1611 410 1754 441 locorum

1006 458 1185 490 ordinarios
1206 459 1252 490 vet
1274 460 1453 501 quarisalia
1475 461 1665 494 auctoritate
1682 463 1756 494 sun-

1005 515 1129 553 gentes,
1152 511 1222 551 cogi
1244 512 1290 542 vel
1312 513 1460 555 compelli
1485 524 1587 556 posse,
1607 526 1643 546 ae
1666 526 1756 558 prae-

1005 569 1110 596 sentes
1130 564 1251 597 litteras
1264 565 1330 597 ullo
1343 577 1495 608 umquam
1510 573 1654 609 tempore
1664 579 1755 600 revo-

1004 617 1068 650 cari
1100 618 1146 650 vel
1177 618 1341 649 immutari
1379 620 1475 651 vah—:11
1492 646 1497 657 ,
1537 620 1589 651 setl
1628 631 1756 664 semper

1004 675 1161 714 perpetuo
1183 671 1291 702 tirmas
1312 676 1341 703 et
1365 671 1485 703 validas·
1504 673 1653 713 existet-03
1672 674 1755 706 etita

1003 733 1060 766 per
1079 733 1304 766 quoscumque
1325 723 1446 755 iudices
1463 730 1493 755 et
1517 726 1754 759 connnissarios

1001 775 1112 818 quavis
1131 776 1319 809 auctoritate
1340 778 1517 818 fungentes⁷
1530 778 1651 810 sublata
1667 779 1712 811 eis
1724 783 1754 811 et

1001 839 1113 860 eorum
1134 828 1265 861 cuilibet
1284 829 1395 871 quavis
1414 829 1506 862 aliter
1532 830 1692 863 iudicandi
1724 837 1754 864 et

1001 880 1233 924 interpretandi
1281 882 1430 915 facultate
1472 888 1502 915 et.
1548 885 1749 924 auctoritate,

1000 934 1134 967 iudicari
1171 940 1202 967 et
1240 935 1371 968 diffiniri
1400 935 1529 975 debere;
1557 946 1704 975 necnon,
1727 937 1751 969 si

999 998 1092 1020 secus
1108 998 1206 1031 super
1224 988 1274 1020 his
1308 998 1325 1020 a
1355 999 1531 1031 quoquam,
1560 989 1669 1032 quavis
1694 1001 1751 1023 au-

1000 1041 1156 1081 ctoritate,
1192 1041 1330 1074 scienter
1363 1042 1412 1075 vel
1432 1042 1628 1084 ignoranter,
1649 1046 1751 1076 conti-

998 1094 1080 1136 gerit
1098 1095 1258 1133 attentari,
1282 1095 1408 1127 irritum
1425 1095 1573 1128 etinane.

1042 1148 1056 1191 ἓ
1079 1147 1111 1179 4.
1139 1147 1207 1180 Non
1227 1148 1428 1181 obstantibus
1438 1149 1625 1191 praemissis
1641 1160 1678 1182 ac
1698 1160 1751 1182 vo-

998 1201 1176 1233 luntatibus
1196 1211 1321 1242 eorum,
1335 1201 1390 1244 qui
1401 1201 1440 1234 ad
1452 1202 1591 1235 favorem
1607 1202 1748 1245 singula—

999 1264 1071 1286 rum
1092 1254 1301 1287 ecelesiarum
1322 1254 1560 1297 praedictarum
1594 1256 1633 1288 de
1657 1256 1750 1288 bonis

998 1308 1064 1340 suis
1081 1308 1320 1351 disposuerunt,
1341 1298 1420 1351 quas
1436 1308 1474 1340 ad
1491 1309 1641 1341 ellectum
1658 1320 1749 1352 prae-

998 1361 1147 1401 sentium⁷
1159 1367 1317 1404 quatenus
1338 1372 1419 1404 opus
1431 1362 1482 1402 sit,
1496 1368 1745 1402 commutamus3

997 1425 1123 1447 necnon
1164 1415 1278 1447 litteris
1310 1415 1411 1448 felicis
1444 1415 1676 1448 recordationis
1703 1417 1746 1448 Pii

997 1468 1100 1510 Papae
1126 1468 1159 1507 V,
1186 1468 1444 1511 praedecessoris
1470 1469 1583 1509 nostri,
1614 1470 1644 1501 in
1672 1470 1746 1502 bre—

996 1521 1095 1553 viario
1107 1521 1278 1560 etmissali,
1292 1532 1328 1554 ac
1341 1521 1496 1555 clausulis
1517 1522 1660 1565 ipsismet
1673 1523 1746 1555 hre-

996 1573 1103 1606 viariis
1115 1573 1272 1607 etmissali
1294 1574 1513 1617 praeinsertis3
1538 1585 1664 1607 necnon
1681 1585 1747 1607 om-

997 1627 1091 1659 nibus
1118 1627 1151 1659 in
1176 1627 1222 1659 eis
1241 1627 1400 1660 contentis
1421 1628 1697 1670 prohibitionibus
1718 1633 1745 1661 et

997 1679 1149 1713 clausulis
1173 1680 1486 1723 derogationibusq.;
1507 1692 1543 1713 ac
1568 1682 1599 1713 in
1618 1681 1746 1724 provin—

996 1733 1102 1765 cialib.
1133 1739 1163 1766 ct
1182 1734 1359 1777 synodalib.
1374 1734 1523 1767 conciliis
1534 1734 1639 1774 editis,
1653 1744 1748 1776 gene-

996 1786 1116 1819 ralibus
1128 1787 1175 1819 vel
1185 1786 1392 1830 specialibus,
1409 1787 1696 1820 constitutionibus
1717 1794 1748 1819 et

996 1840 1265 1878 01·dinationibus;
1288 1851 1324 1873 ac
1343 1851 1623 1883 quarumcumque
1641 1841 1746 1872 ecele-

995 1888 1114 1921 siarum
1145 1889 1396 1931 praedictarum,
1420 1890 1524 1921 forsan
1552 1888 1743 1927 iuramento,

996 1937 1241 1969 confirmatione
1262 1937 1437 1980 apostolica
1458 1937 1623 1978 vetqtuuis
1645 1937 1745 1969 tirmi-

996 1991 1058 2018 tate
1069 1985 1131 2018 alia
1142 1986 1313 2025 roboratis,
1324 1986 1449 2017 statutis
1460 1991 1488 2017 et
1501 1985 1743 2017 consuctudini-

994 2034 1066 2073 bus;
1088 2034 1262 2078 privilegiis
1282 2033 1610 2077 qiio(11w‚iii‹ltlltis‹·t
1630 2033 1743 2066 litteris

994 2083 1178 2126 apostolicis
1205 2084 1329 2115 dilectis
1353 2083 1426 2114 tiliis
1440 2081 1586 2126 capitulis
1607 2081 1741 2126 aliisque

994 2131 1216 2175 superioribus
1237 2137 1262 2163 [t
1287 2130 1431 2174 personis
1449 2130 1607 2163 concessis
1619 2136 1649 2163 ct
1665 2141 1741 2163 con-

994 2180 1141 2218 firmatis,
1163 2179 1454 2222 quilwsomnibus,
1466 2178 1596 2211 illorum
1613 2184 1741 2212 tenores

994 2228 1214 2271 praesentibus
1236 2239 1292 2270 pro
1313 2227 1470 2269 expressis
1489 2227 1654 2267 habentes,
1679 2228 1741 2261 illis

993 2278 1070 2309 alias
1091 2277 1123 2309 in
1143 2287 1201 2309 suo
1224 2276 1337 2308 robore
1357 2275 1590 2317 permansuris,
1604 2276 1663 2309 hac
1673 2277 1740 2309 vice

992 2326 1167 2361 dumtaxat,
1194 2323 1376 2367 spetialiter
1391 2329 1422 2356 et
1442 2334 1589 2367 expresse
1609 2325 1742 2368 deroga-

993 2385 1075 2406 mus.

1036 2423 1049 2463 ξ
1073 2422 1105 2454 5.
1128 2422 1166 2453 Ut
1190 2427 1296 2453 autem
1323 2427 1508 2464 praesentes
1529 2422 1651 2455 litterae
1672 2433 1740 2455 om-

1774 250 1821 275 Αη.
1840 249 1858 276 C
1884 249 1950 277 15711

1779 683 1903 708 clausulae.

1820 1158 1931 1184 Dempta-io

1764 1190 1924 1210 contrariorum.

1780 2431 1841 2453 Futes
1878 2436 1933 2454 tran-

1753 2467 1890 2490 sumptorum.
