2059 3228
29 237 73 268 ΛΕ.
90 238 157 268 ¹587

168 398 403 432 sublevaviinus
426 410 463 433 ac
489 401 581 443 plane
602 402 821 435 liberavimus.

211 453 226 495 ἓ
249 453 282 486 ’1.
305 453 414 495 ltaque
442 460 476 487 ut
495 455 581 488 illius
607 456 784 489 rationibus
814 468 908 500 quatu

23 515 154 537 utntioeon—
167 506 288 549 optime
309 507 552 550 prospiciamus,
574 508 750 541 cardinales
767 510 909 552 quinque

24 546 154 605 ,μῗέξᾷῗῗξ
168 558 272 591 eidem
292 559 456 603 gymnasio
477 565 506 592 et
527 560 736 601 universitati,
759 562 909 605 illiusque

18 609 56 631 ⁸¹⁵¹
76 609 152 629 “m“
168 613 386 646 reformationi
409 613 625 657 praeficimus,
648 615 764 657 quibus
782 616 909 648 faculta-

168 671 231 698 tem
265 667 474 700 concedimus
498 673 543 707 ut,
578 676 650 700 cum
685 677 766 711 opus
802 669 905 701 fuerit.

168 719 351 762 praeclaros
384 720 563 763 theologiae
599 721 778 763 magistros,
816 722 907 753 iuris-

166 771 331 804 consultos
351 772 495 815 egregios
521 778 552 806 et
580 773 761 806 liberalium
791 774 907 806 artium

167 824 363 866 professores
387 825 520 858 eximios
552 826 780 868 undecumque
801 826 839 858 ad
861 826 906 858 iu—

166 881 328 910 ventutem
348 877 557 911 erudiendam
586 884 729 911 evocent.
761 878 819 917 Qui
840 890 905 911 mo>

166 940 238 963 rum
256 929 449 973 integritate,
471 931 653 964 eruditione
673 938 765 974 atque
781 932 906 974 elegan-

166 982 211 1016 tia
228 983 407 1017 litterarum
424 994 488 1017 non
509 985 616 1017 minus
632 990 792 1028 praestent
812 995 906 1027 quam

165 1035 293 1080 peritia,
315 1047 440 1080 usuque
455 1036 591 1070 docendi
605 1037 803 1080 assiduisque
821 1048 909 1081 prae-

167 1089 360 1123 lectionibus
383 1089 512 1123 iuvenes
531 1090 701 1130 instruant,
725 1096 823 1133 utque
843 1091 907 1123 sin-

165 1143 250 1185 gulis
268 1142 474 1176 scientiarum
504 1143 663 1186 magistris
695 1154 752 1187 pro
777 1144 907 1176 merito-

166 1205 239 1230 rum
259 1192 396 1237 ratione,
414 1208 448 1230 re
466 1204 573 1230 tamen
586 1197 753 1230 nobiscum
770 1202 824 1229 aut
835 1208 906 1229 cum

166 1250 406 1284 successoribus
430 1250 546 1284 nostris
566 1250 765 1294 participata,
792 1250 909 1294 stipen-

165 1303 255 1337 dium
284 1303 489 1338 constituant.
520 1305 654 1347 Insuper
684 1313 757 1337 cum
786 1303 818 1336 in
848 1303 908 1336 hac

165 1357 251 1390 alma
274 1357 358 1390 Urbe
376 1362 497 1397 nostra,
524 1357 678 1400 singulari
708 1357 761 1390 Dei
786 1357 908 1389 benefi-

140 1430 145 1433 -
166 1410 230 1451 cio,
252 1402 336 1444 inter
358 1411 435 1444 alias
455 1411 646 1445 discentium
665 1411 791 1444 scholas
811 1410 908 1443 Grae-

167 1474 293 1503 corum,
312 1464 540 1507 Maronitarum
555 1470 586 1496 et
599 1463 846 1506 Neophytoruni,
863 1463 910 1494 in-

165 1516 254 1559 genti
267 1517 456 1550 Pontificum
479 1516 666 1549 liberalitate
686 1522 782 1558 atque
802 1514 908 1547 muni-

167 1569 308 1611 ficentia,
329 1576 435 1604 erecta
454 1571 517 1603 sint
532 1569 677 1611 collegia,
695 1568 909 1610 congruisque

167 1624 324 1662 reditibus
349 1624 469 1663 dotata,
502 1624 534 1656 in
558 1623 676 1666 quibus
703 1631 793 1654 sacra
811 1621 908 1654 *theo-

167 1676 253 1719 logia
271 1676 485 1719 liberalesque
500 1681 583 1708 artes
597 1673 744 1707 hebraice
755 1700 762 1714 ‚
781 1683 906 1715 graece,

168 1730 297 1763 arabice
325 1735 356 1763 et
381 1729 544 1762 chaldaice
573 1728 767 1766 edocentur,
790 1726 909 1759 eisdem

167 1783 385 1818 cardinalibus
403 1782 602 1824 iniungimus
621 1786 656 1813 ut
675 1780 790 1812 horum
812 1779 909 1812 eolle-

167 1839 295 1881 giorum
315 1837 463 1870 alumnos
482 1836 521 1869 ad
541 1835 720 1867 litterarum
740 1833 843 1866 studia
863 1844 912 1866 ar-

169 1891 308 1924 dentiori
341 1890 450 1923 animo
480 1887 722 1931 complectenda
756 1885 841 1929 quod
872 1886 911 1918 ad

170 1943 245 1977 fidei
264 1942 440 1976 catholicae
459 1940 724 1986 propagationem
744 1945 775 1972 et
792 1939 911 1972 littera-

170 2006 243 2029 rum
262 1984 488 2030 ornamentum
522 2000 553 2027 et
583 1993 710 2036 ingenia
740 1992 912 2025 excolenda

170 2049 308 2082 maxime
328 2049 478 2093 pertinet,
499 2053 679 2092 opportune
711 2056 770 2088 pro
799 2055 912 2077 eorum

171 2102 290 2146 pietate
308 2108 341 2136 et.
363 2102 545 2146 prudentia,
571 2100 660 2133 omni
680 2098 821 2132 adhibito
846 2105 913 2130 stu-

172 2155 239 2196 dio,
256 2155 386 2189 excitari
396 2160 521 2188 curent.
538 2154 681 2196 Denique
694 2162 767 2185 cum
784 2151 814 2184 in
824 2161 914 2194 prae-

172 2209 277 2254 cipuis
308 2209 474 2243 christiani
506 2208 592 2241 orbis
627 2206 771 2250 partibus
807 2210 915 2237 sancta

172 2262 253 2295 haec
267 2261 451 2306 Apostolica
470 2261 579 2299 Sedes,
601 2265 636 2292 ut
655 2259 705 2302 pia
726 2263 838 2296 mater,
866 2257 914 2289 in-

172 2315 279 2358 signes
297 2315 452 2358 quasdam
485 2313 717 2349 Universitates,
746 2311 778 2343 in
799 2310 916 2353 quibus

122 2405 127 2413 ,
174 2379 340 2402 sacrarum
364 2369 564 2407 litterarum,
601 2368 708 2409 legum
746 2371 776 2397 et
800 2363 915 2396 artium

174 2417 446 2461 praestantissima
465 2417 569 2449 studia
588 2416 712 2463 florent,
734 2413 809 2446 olim
826 2412 857 2444 in
869 2418 917 2464 tu-

175 2466 271 2499 telam
291 2471 322 2498 et
340 2465 521 2498 clientelam
555 2462 710 2505 receperit
738 2470 840 2499 suam,
868 2469 917 2491 ni-

177 2514 295 2547 mirum
323 2514 545 2553 Parisiensem,
567 2511 788 2549 Oxoniensem,
814 2508 917 2540 Bono-

177 2564 334 2603 niensem,
356 2562 618 2601 Salamantinam,
636 2567 669 2592 ut
690 2559 722 2591 in
738 2558 782 2591 eis
797 2557 918 2590 scilicet

257 2659 331 2692 Bau.
354 2658 430 2690 [loni.
461 2660 512 2690 Vol.
538 2658 613 2693 tm„
788 2655 840 2684 125

823 243 926 268 Stst
945 246 961 268 V
988 246 1036 269 mh

169 291 293 324 sitalem
314 291 354 325 ab
375 302 447 325 aere
464 291 568 327 alieno
581 294 912 338 vigintiduorummil-
951 298 1065 330 artium
1098 298 1211 333 studia.
1242 302 1327 331 tanto
1360 298 1470 332 maiori
1492 310 1564 333 eum
1587 302 1692 334 fructu

170 345 246 378 lium
267 352 431 378 scutorum
458 353 487 380 et
505 347 576 380 aliis
594 349 740 391 pluribus
760 350 911 383 oneribus
950 351 1181 388 excolerentur,
1208 362 1274 390 uos,
1302 358 1332 384 et
1358 353 1427 385 illas
1458 353 1540 396 ipsas
1560 359 1589 386 et
1610 361 1693 387 cete-

179 2622 216 2646 ex
234 2611 434 2654 Apostolicae
449 2610 538 2644 Sedis
553 2609 749 2652 protectione
761 2608 917 2639 bonarum

1588 239 1650 271 993

951 414 1000 435 t'as
1017 404 1188 436 catholicas
1207 404 1429 438 Universitates
1450 411 1580 449 paterna
1598 407 1692 440 benc·-

950 456 1087 488 voleutia
1111 458 1371 500 complectentes,
1402 469 1459 491 nec
1484 459 1582 502 ipsam
1610 460 1689 493 Oxo-

950 509 1273 552 uiensetn,(piantum
1295 510 1324 542 in
1347 510 1437 543 nobis
1458 518 1522 551 est,
1545 513 1690 546 deseren-

950 567 1007 601 leS,
1029 563 1083 595 sed
1103 573 1139 595 cx
1158 563 1268 595 intimo
1293 563 1389 596 auitni
1412 565 1525 597 :tll'eclu
1552 566 1590 598 ad
1623 578 1689 598 tua-

950 615 1006 647 tris
1024 616 1183 656 gremium
1205 620 1234 648 et
1254 616 1291 647 ad
1311 616 1390 648 riam
1408 616 1517 649 salutis
1539 629 1690 651 revocan-

950 673 1006 707 tes,
1041 678 1217 711 omnesque
1242 669 1354 701 intimo
1389 670 1493 701 cordis
1517 672 1632 703 aflectu
1660 680 1688 703 et

949 731 1072 753 summa
1087 721 1305 755 benevolentia
1321 729 1560 766 prosequentes,
1579 736 1614 757 ae
1630 726 1689 757 sub

949 779 1055 807 nostra
1079 780 1110 807 et
1133 775 1215 807 beati
1237 776 1318 811 Petri
1349 777 1572 819 Apostolorum
1603 779 1690 821 prin-

948 826 1027 870 cipis
1044 827 1241 871 protectione
1264 828 1378 860 iterum
1399 830 1620 873 suscipientes,
1643 832 1687 863 ei-

948 881 1018 912 dem
1040 881 1277 924 congregationi
1293 882 1487 925 imponimus
1509 891 1541 916 ut
1560 895 1688 916 earum-

948 933 1019 966 dem
1044 933 1284 967 universitatum
1302 941 1393 977 atquc
1410 936 1447 968 ad
1464 947 1516 969 eas
1529 937 1688 980 pertinen-

950 986 1026 1018 tium
1048 988 1255 1028 negociorum
1275 990 1359 1032 apud
1389 989 1502 1022 Sedem
1532 989 1688 1033 Apostoli-

948 1049 1016 1071 cam
1038 1050 1149 1072 curam
1170 1046 1270 1081 gerat,
1295 1041 1487 1085 illarumque
1517 1042 1687 1074 necessita-

948 1098 993 1124 tes
1012 1093 1105 1125 nobis
1120 1094 1421 1136 successoriluisque
1443 1094 1557 1127 nostris
1576 1095 1687 1127 ordine

948 1152 1140 1189 exponat‚ut
1162 1146 1206 1178 eis
1226 1157 1261 1179 ex
1278 1153 1410 1189 paterna
1431 1146 1561 1179 caritate
1592 1158 1687 1189 opcnt

948 1204 979 1230 et
998 1198 1150 1231 auxilium
1171 1199 1285 1231 all'erre
1306 1200 1476 1240 valeamus,
1496 1210 1612 1243 easque
1639 1200 1687 1231 iu-

949 1252 1071 1284 terdum
1094 1263 1150 1295 per
1170 1253 1288 1285 litteras
1308 1253 1420 1292 visitet,
1443 1258 1616 1296 nostroque
1632 1263 1688 1284 no-

948 1304 1033 1336 mine
1053 1304 1218 1337 catholicis
1243 1306 1315 1337 viris
1346 1305 1553 1349 apostolicam
1588 1305 1686 1337 bene-

948 1357 1120 1392 dictionem
1143 1358 1357 1400 impertiatur,
1380 1358 1518 1401 illisque,
1539 1362 1576 1390 ut
1598 1368 1689 1401 pros-

948 1420 1024 1452 pera
1045 1416 1159 1442 cuncta
1179 1411 1337 1450 eveniant,
1358 1411 1429 1444 aliis
1448 1421 1521 1443 vero
1538 1410 1687 1453 spiritum

949 1463 1070 1494 consilii
1097 1463 1242 1500 sanioris,
1265 1474 1282 1496 a
1301 1464 1365 1497 Deo
1393 1463 1519 1508 Optimo
1551 1463 1690 1495 maximo

949 1516 1150 1558 deprecetur.

951 1619 1160 1663 Counreqatio
1199 1621 1367 1653 undecima
1398 1632 1457 1663 pro
1485 1620 1694 1653 consultatio-5

1161 1675 1253 1706 nilms
1273 1674 1480 1716 reputat-ium.

992 1775 1056 1809 Nec
1076 1786 1150 1809 sane
1171 1776 1277 1808 minus
1300 1775 1337 1808 de
1371 1776 1567 1818 regularium
1595 1775 1689 1809 Ordi-

951 1829 1046 1861 nibus
1071 1829 1197 1861 solliciti
1219 1839 1341 1868 sumus,
1368 1829 1422 1872 qui
1451 1829 1611 1862 Ecclesiae
1636 1828 1691 1861 Dei

952 1892 1103 1924 magnum
1123 1882 1343 1916 adiumentum
1355 1888 1450 1925 atque
1464 1888 1690 1915 ornamentum

952 1935 1039 1968 omni
1059 1941 1202 1978 tempore
1234 1935 1474 1978 praestiterunt,
1501 1936 1600 1968 immo
1618 1945 1691 1967 vero

953 1998 1156 2031 summopere
1190 1987 1356 2031 cupientes
1394 1998 1507 2020 eorum
1543 1987 1693 2020 salutaria

953 2041 1056 2073 studia
1084 2050 1334 2084 progressusque
1358 2040 1397 2073 ad
1429 2040 1581 2084 pietatem
1617 2051 1692 2083 pro-

954 2104 1092 2133 movere,
1120 2093 1174 2136 qui
1195 2104 1211 2126 e
1231 2093 1381 2126 fluctibus
1409 2093 1527 2126 saeculi
1558 2093 1590 2125 in
1623 2103 1694 2136 por-

954 2152 1019 2179 tum
1041 2147 1197 2188 regularis
1222 2146 1301 2179 vitae
1318 2146 1542 2188 confugerunt,
1562 2146 1602 2178 ob
1623 2156 1693 2178 eam

955 2210 1083 2233 causam
1104 2206 1150 2239 ut,
1166 2200 1296 2232 remotis
1320 2199 1557 2242 impedimentis
1583 2204 1614 2231 et
1631 2199 1695 2231 ina-

956 2253 1049 2285 nibus
1069 2252 1325 2285 contentionibus
1337 2251 1524 2294 amputatis,
1534 2252 1594 2284 sub
1607 2253 1696 2285 suavi

956 2306 1128 2348 Religionis
1148 2305 1221 2347 iugo
1254 2311 1284 2337 et
1311 2315 1441 2337 suorum
1477 2304 1695 2337 institutorum

957 2359 1155 2392 observantia
1172 2358 1280 2400 quiete
1299 2357 1398 2390 vivant
1424 2364 1616 2401 gratumque
1645 2359 1696 2390 At-

958 2407 1077 2440 tissimo
1102 2407 1290 2439 famulatum
1318 2406 1497 2438 exhibeant.

1000 2455 1014 2498 ξ
1038 2455 1068 2487 1.
1092 2454 1239 2497 Quinque
1266 2454 1345 2487 alios
1375 2453 1551 2486 cardinales
1575 2454 1695 2497 delegi-

958 2515 1041 2543 mus,
1073 2505 1189 2548 quibus
1222 2503 1402 2535 facultatem
1438 2502 1642 2535 concedimus
1662 2509 1695 2535 ut

958 2554 1164 2597 regularium,
1181 2552 1412 2589 eliasu-atium,
1435 2551 1693 2591 Mendicantium,

958 2613 1022 2637 non
1035 2603 1291 2642 Mendicautium,
1305 2600 1583 2645 hospitalariorum
1596 2606 1624 2634 et
1641 2612 1696 2633 un-

1707 250 1756 277 An.
1775 249 1801 276 Ε.
1825 248 1885 275 itis?

1729 1791 1796 1812 Causa
1823 1791 1887 1812 huius
1901 1804 1902 1808 ,

1705 1824 1772 1843 tnsut.

1722 2464 1826 2484 tri-umus,
1834 2471 1892 2485 νοις-

1709 2499 1766 2520 greg.
1775 2496 1893 2515 unctevm·

1709 2531 1754 2545 cnm
1778 2526 1892 2545 facillimu-

1709 2555 1746 2575 bun
1788 2557 1892 2576 cumian-

1675 2600 1685 2606 .
1709 2586 1767 2607 liuns.
