2059 3228
27 2478 90 2513 μ’

52 166 64 212 ἶ
73 192 108 225 c.
121 194 186 224 iss-1

67 2439 89 2463 μ’·
96 2438 139 2460 hm
145 2437 190 2459 eir.-

73 2466 77 2471 '
143 2473 190 2490 mo-

117 2502 140 2522 et
147 2500 190 2521 eol-

73 2557 76 2559 *
114 2529 190 2556 dietis,

84 2565 117 2585 ,ι
133 2560 191 2582 uti-

877 203 979 227 stXTt's
1001 205 1016 226 Υ
1038 204 1083 228 ΓΡ.

206 253 387 287 firmatione
407 252 581 296 apostoliea
601 252 645 285 vel
667 252 778 296 quavis
799 252 951 287 firmitate

205 307 266 341 alia
297 306 463 340 roboratis.
498 316 559 338 mm
586 306 795 346 obstantibus,
819 317 953 350 capaces

205 360 338 393 omniuo
356 359 501 396 facimus,
520 359 684 392 reddimus
695 365 723 392 et
737 360 948 394 declaramus.

205 413 387 446 Mandantes
418 413 568 445 omnibus
602 418 629 445 et
656 413 790 456 singulis
810 413 951 447 eustodi-

205 467 276 506 tius,
299 466 484 499 camerariis
504 470 533 498 et
553 466 811 509 spiibuscmncpie
832 465 952 499 officia-

206 519 289 552 libus
327 519 486 552 dictarum
531 518 924 552 arcinieont'rateruitatum
941 546 948 559 ‚

203 583 286 617 quae
306 573 395 605 dotes
415 578 443 604 et
466 571 582 604 auxilia
601 572 651 615 pia
669 571 855 604 huiusmodi
874 583 952 615 pau-

203 625 336 670 peribus
356 624 472 669 puellis
492 625 568 657 darc
588 630 617 656 et
638 623 800 667 assignare
819 635 950 658 consue*

203 685 327 719 verunt,
362 679 448 722 quod
480 689 516 711 ex
541 689 626 711 nunc
652 678 743 711 dotes
777 678 951 722 promissas

204 732 321 777 puellis
347 732 408 764 iam
430 731 552 764 dictum
574 731 804 764 monasterium
826 731 949 772 ingres-

202 784 244 819 sis
260 790 291 819 et
302 785 446 829 protiteri
467 784 683 828 cupientibus
699 789 729 817 et
742 784 846 817 statim
863 791 949 828 post-

201 849 299 883 quam
334 838 494 881 professae
522 837 650 877 suerint,
680 837 793 880 priori,
825 838 948 871 custodi

202 886 235 926 ἕῑ
267 891 446 939 munerario
472 901 529 934 pro
563 896 709 934 tempore
741 890 950 924 existentibus

202 946 306 979 dictae
336 944 609 978 confraternitatis
639 944 745 977 Sancti
780 945 946 986 Bernardi,

201 1010 239 1033 ac
249 999 275 1032 si
295 998 382 1042 ipsae
401 998 522 1032 dietum
544 997 774 1031 monasterium
787 999 948 1041 ingressae

201 1063 258 1086 seu
272 1052 305 1085 in
316 1052 520 1086 matrimonio
533 1052 719 1091 collocatae,
731 1052 771 1085 de
790 1063 947 1085 consensu

202 1111 233 1140 et
250 1104 380 1139 licentia
399 1105 791 1138 arcliiconsraternitatum
812 1112 841 1138 et
862 1106 948 1139 loco-

201 1170 274 1193 rum
293 1159 420 1204 piormn
438 1158 627 1192 huiusmodi
655 1159 841 1199 extitissent,
871 1159 947 1192 dare

202 1218 233 1247 et
256 1223 330 1247 cum
361 1212 478 1246 effectu
502 1213 700 1256 persolvere;
727 1223 763 1245 ae
795 1212 947 1256 deinceps

201 1276 361 1311 pauperes
381 1265 465 1309 ipsas
488 1265 612 1310 puellas
637 1265 668 1298 in
701 1265 786 1298 dicto
811 1265 947 1308 collegio

201 1330 260 1364 pro
283 1324 429 1362 tempore
452 1318 617 1361 degentes,
639 1319 679 1351 ad
704 1318 947 1352 subventionem

200 1372 325 1406 dotium
350 1378 381 1406 et
411 1372 605 1404 auxiliorum
626 1371 811 1405 huiusmodi
831 1372 946 1406 admit-

201 1430 272 1459 tant>
287 1430 318 1459 et
335 1425 460 1459 admitti
481 1431 668 1469 procurent.
688 1431 718 1458 et
745 1425 861 1458 deinde
881 1431 946 1459 tam

201 1478 318 1523 puellis
337 1478 480 1522 profiteri
495 1478 699 1522 cupientibus
710 1490 806 1522 quam
829 1479 861 1511 in
879 1491 947 1512 rna-

202 1531 354 1566 trimonio
365 1531 574 1572 collocandis,
598 1533 687 1565 dotes
708 1533 754 1565 eis
774 1533 947 1576 promissas

201 1591 232 1618 et
268 1584 421 1629 deinceps
453 1585 685 1629 promittendus
716 1585 813 1628 priori
844 1591 873 1618 et
899 1587 947 1619 os-

201 1637 362 1672 lieialibus
382 1637 567 1672 huiusmodi
588 1638 663 1671 dare
688 1644 718 1671 et
738 1649 811 1671 curn
832 1639 947 1673 ellectu

203 1692 326 1726 solvere
344 1692 498 1731 debeant3
526 1703 583 1725 nee
604 1692 643 1724 ad
665 1692 707 1732 id,
731 1700 761 1724 et
778 1691 837 1725 suh
852 1703 946 1736 prae-

202 1750 288 1779 textu
307 1745 521 1783 decretorum,
539 1745 780 1790 privilegiorum
796 1752 851 1778 aut
871 1747 948 1780 alio-

203 1808 275 1832 rum
294 1809 580 1843 quorumcumque
609 1803 814 1839 statutorum,
844 1799 948 1833 archi-

202 1851 515 1891 eont'raternitatum,
547 1852 858 1893 ronti-aternitatum,
899 1864 949 1886 ec-

202 1904 386 1945 clesiarum,
407 1906 624 1938 oratoriorum
650 1911 679 1937 ct
711 1905 839 1948 piorum
859 1906 948 1939 loeo-

202 1968 276 1991 rum
295 1958 483 1992 huiusmodi
508 1959 753 2002 quomodolibet
781 1970 949 1993 concesso-

203 2021 288 2051 rum,
318 2012 539 2046 contradicere
564 2012 703 2045 audeaut
731 2024 787 2045 seu
818 2024 949 2056 praesu-

202 2069 300 2104 mant,
320 2065 416 2098 etiam
441 2065 568 2098 licentia
597 2066 785 2098 earumdem
820 2068 947 2099 cont'ra-

203 2117 389 2151 ternitatum
413 2125 444 2152 et
465 2119 610 2152 locorum
623 2119 751 2162 piorum
763 2119 947 2152 huiusmodi

203 2169 337 2204 minime
357 2171 488 2204 obtenta
517 2182 621 2216 neque
647 2172 755 2215 petita.
778 2172 821 2205 Ne
841 2179 947 2206 autem

203 2233 301 2267 super
317 2224 501 2267 praemissis
517 2225 565 2257 vel
586 2225 715 2257 illorum
737 2225 844 2268 aliquo
858 2225 891 2258 in
902 2226 947 2258 su-

203 2281 314 2309 turum
349 2278 656 2322 quomodocumque
681 2278 742 2322 vel„
765 2278 876 2320 quavis
911 2280 949 2312 de

203 2338 300 2361 causa
320 2339 380 2372 pro
400 2330 561 2363 validitate
581 2330 721 2363 dubitari
736 2325 925 2375 contingat:

247 2376 262 2419 ξ
286 2376 340 2410 10.
369 2377 521 2411 Volumus
555 2389 592 2411 ac
625 2378 720 2411 etiam
761 2380 950 2414 mandamus

203 2424 288 2468 quod
314 2436 540 2470 quaecumque
567 2427 798 2467 ordinationes,
830 2429 949 2462 instru-

203 2479 322 2513 menta,
343 2474 544 2515 donationes,
567 2481 629 2508 tam
646 2476 730 2510 inter
748 2478 833 2511 vivos
852 2489 949 2520 quam

204 2532 301 2556 causa
312 2523 434 2561 mortis,
451 2529 652 2563 testamenta,
665 2526 804 2560 codicilli
815 2534 844 2560 et
854 2538 950 2570 quae-

203 2580 344 2620 cumque
375 2572 438 2606 alia
471 2572 680 2615 documenta,
707 2576 886 2620 scripturae
920 2584 950 2611 et

1633 195 1697 228 885

994 255 1078 294 lidia,
1100 257 1180 289 taeta
1201 262 1231 290 et
1253 256 1406 296 metenda,
1422 267 1479 300 per
1499 261 1528 289 et
1550 256 1631 290 inter
1647 265 1741 300 quas-

993 318 1132 351 cumque
1171 310 1340 353 utriusque
1378 322 1470 343 sexus
1503 319 1668 354 personas,
1709 319 1741 342 e-

993 361 1096 395 tiamsi
1129 363 1279 396 mulieres
1312 368 1441 408 nuptae,
1462 374 1499 397 ac
1521 362 1661 396 minores
1680 361 1738 404 ⁴vi-

992 415 1069 457 ginti
1091 416 1182 448 aunis
1205 417 1334 457 suerint,
1354 427 1391 449 ac
1413 422 1543 450 testatae
1568 416 1616 450 vel
1640 415 1739 449 intes-

995 474 1074 501 tatae
1109 469 1317 509 decesserint,
1354 470 1449 503 ctiam
1485 470 1523 503 de
1548 469 1640 502 bonis
1674 468 1739 502 suis

992 521 1162 565 disponere
1192 523 1383 566 prohibitae,
1407 523 1465 556 nisi
1486 523 1628 556 adbibita
1653 527 1739 556 certa

993 576 1094 608 forma
1115 581 1143 608 et
1166 576 1366 609 solemnitate
1388 576 1550 620 requisita,
1571 587 1587 608 a
1610 576 1678 609 iure
1689 575 1738 609 vel

991 628 1030 660 ab
1051 628 1391 667 liomiue‚s‹·ustatutis
1411 630 1563 672 novis-pn¹
1584 629 1738 662 reforma-

993 681 1132 715 tionibus
1158 682 1260 717 {fi-tiis,
1296 693 1350 715 seu
1387 683 1516 716 obtenta
1543 694 1560 715 a
1593 683 1736 716 Romano

991 735 1143 769 Pontifice
1175 736 1315 779 desuper
1342 730 1480 776 lies-ntia,
1510 737 1548 770 de
1573 735 1737 779 quibusvis

991 799 1102 822 eorum
1129 789 1220 823 bonis
1245 790 1551 833 qumuodocumque
1572 790 1736 834 acquisitis

990 847 1017 874 et
1039 842 1256 885 acquirendis,
1273 844 1310 875 de
1329 843 1447 886 quibus
1463 843 1492 875 iu
1506 844 1644 876 savorem
1661 854 1736 876 con-

992 895 1208 934 fraternitatis,
1232 895 1414 929 mouasterii
1432 902 1459 928 et
1477 896 1603 939 collegii
1624 896 1736 930 huius-

991 949 1076 981 modi
1100 949 1216 987 testari,
1238 949 1347 991 legari,
1375 949 1562 988 codicillari,
1583 950 1630 982 vel
1651 949 1736 983 inter

989 1001 1074 1034 vivos
1093 1009 1146 1035 aut
1168 1013 1263 1034 causa
1285 1001 1394 1034 mortis
1419 1008 1473 1034 aut
1498 1002 1575 1034 alias
1595 1013 1732 1046 quomo-

989 1055 1107 1089 dolibet
1129 1056 1254 1099 disponi
1283 1055 1460 1096 eontigerit.
1488 1055 1644 1099 Quodque
1669 1062 1731 1089 tam

989 1108 1082 1141 Marci
1118 1108 1246 1142 Antonii
1268 1109 1406 1141 iunioris
1439 1115 1604 1142 scutorum
1636 1109 1733 1142 trium

990 1162 1138 1202 millium,
1159 1173 1195 1195 ac
1211 1162 1415 1205 Illagdalenae
1434 1161 1589 1195 Strozziae
1615 1163 1653 1196 de
1670 1164 1733 1196 An-

988 1215 1156 1257 guillariu,
1183 1215 1330 1259 aliaque,
1361 1221 1395 1248 ut
1426 1215 1622 1259 praefertur,
1652 1216 1733 1250 sacta

989 1269 1102 1311 legata,
1129 1279 1225 1312 quam
1257 1279 1481 1312 quaecumque
1501 1269 1566 1302 alia
1589 1269 1734 1302 donatio-

989 1332 1055 1361 nes,
1079 1327 1278 1360 testamenta,
1301 1321 1454 1359 codicilli,
1477 1322 1667 1363 voluntates,
1686 1323 1733 1355 in-

988 1381 1177 1415 strumenta,
1209 1375 1386 1419 scripturae
1419 1381 1449 1408 et
1482 1375 1675 1409 documenta
1693 1377 1731 1409 ad

989 1429 1125 1460 lavorem
1147 1428 1345 1468 monasterii,
1366 1428 1491 1471 collegii
1513 1434 1543 1461 et
1557 1430 1732 1463 confrater-

988 1481 1094 1514 nitatis
1126 1481 1311 1514 lmiusmodi
1339 1481 1400 1514 iam
1423 1482 1504 1514 sacta
1524 1487 1551 1514 et
1572 1482 1728 1523 facienda,

987 1534 1121 1578 perinde
1156 1535 1279 1568 valeant
1309 1545 1346 1567 ae
1375 1545 1469 1567 suum
1494 1535 1670 1568 sortiantur
1689 1538 1731 1569 cs-

987 1588 1117 1627 sectum,
1130 1600 1164 1620 ac
1177 1587 1201 1621 si
1215 1598 1323 1620 coram
1345 1588 1471 1621 notario
1495 1588 1626 1632 publico
1643 1596 1670 1623 et
1688 1590 1730 1623 le-

988 1641 1098 1681 gitimo
1117 1641 1244 1673 testium
1265 1652 1413 1679 numero,
1435 1641 1651 1686 adhibitisque
1666 1654 1731 1675 ‹uu-

988 1694 1082 1727 nibus
1113 1695 1151 1727 de
1185 1694 1254 1726 iure
1290 1694 1451 1737 requisitis
1474 1694 1681 1738 qualitatibus
1700 1702 1730 1728 et

988 1747 1256 1786 solemnitatum,
1279 1748 1361 1780 sacta
1381 1747 1519 1789 fuel‘in13
1541 1759 1598 1781 nec
1620 1760 1730 1782 mona-

988 1800 1132 1839 sterium,
1155 1800 1326 1843 collegium
1352 1806 1382 1833 ct
1410 1801 1653 1835 confraternitas
1672 1803 1732 1835 liu-

989 1853 1125 1886 iusmodi
1147 1854 1184 1886 de
1205 1853 1325 1886 eisdem
1358 1853 1451 1886 bonis
1471 1853 1503 1886 in
1522 1856 1729 1895 testamentis,

989 1907 1110 1949 legatis,
1148 1907 1315 1946 codicillis,
1352 1907 1578 1940 donationibus
1607 1914 1637 1941 et
1661 1909 1732 1942 aliis

988 1960 1203 1992 voluntatibus
1240 1971 1275 1992 ac
1309 1960 1583 2003 dispositionibus,
1617 1961 1734 1995 instru-

988 2014 1115 2053 mentis,
1138 2014 1340 2047 documentis
1360 2019 1390 2046 et
1414 2014 1582 2057 scripturis
1612 2016 1730 2049 eisdem

989 2067 1193 2107 monasterio,
1207 2067 1343 2109 collegio
1363 2073 1391 2099 et
1411 2068 1733 2113 confraternitatipro

989 2127 1132 2163 tempore
1155 2121 1285 2159 relictis,
1309 2121 1442 2158 donatis,
1467 2121 1560 2161 datis,
1583 2122 1679 2155 cessis
1704 2128 1734 2155 et

989 2174 1168 2217 applicatis,
1195 2174 1336 2217 aliquam
1366 2180 1488 2217 partem
1521 2174 1673 2208 Gamerae
1693 2177 1734 2208 A-

991 2227 1164 2270 postolicae
1193 2228 1240 2259 vel
1260 2227 1455 2259 monasterio
1480 2227 1732 2261 Convertitarum

990 2281 1021 2312 iu
1042 2281 1152 2313 ezulem
1180 2280 1274 2321 Urbe,
1302 2281 1398 2313 etiam
1432 2281 1519 2314 iuxta
1551 2281 1734 2326 dispositio-

990 2344 1062 2366 nem
1085 2333 1283 2366 indultorum
1298 2334 1399 2367 felicis
1415 2334 1645 2368 recordationis
1661 2336 1736 2368 Leo-

990 2383 1039 2414 nis
1063 2382 1192 2421 decimi,
1229 2382 1400 2415 Clementis
1431 2382 1557 2426 septimi
1587 2389 1617 2416 et
1645 2383 1734 2417 Pauli

991 2431 1073 2464 tertii
1089 2431 1292 2475 aliorumque
1308 2431 1527 2465 Romanorum
1545 2432 1733 2466 Pontificum

991 2480 1275 2524 praedecessorum
1298 2486 1493 2521 nostrorum,
1519 2492 1575 2514 seu
1595 2481 1736 2515 fabricae

991 2529 1095 2562 dictae
1132 2529 1283 2562 basilicae
1312 2529 1470 2572 Principis
1507 2530 1733 2573 Apostolorum

989 2583 1044 2610 aut
1076 2577 1240 2621 quibusvis
1268 2577 1338 2611 aliis
1367 2578 1512 2622 personis
1537 2583 1568 2612 e‘t
1592 2579 1734 2613 ecclesiis

1754 200 1807 229 An.
1822 202 1851 231 C.
1870 198 1935 228 1587
