2059 3228
76 227 91 242 ,
106 206 134 237 C.
147 206 214 237 1586

224 261 258 296 tii
278 262 449 306 Apostoliei
470 264 632 298 auditores
652 264 721 298 etS

222 315 321 356 nates,
342 316 437 350 etiam
446 316 596 351 Umbriae
617 324 646 351 et
667 318 815 351 Pelusiae
835 320 965 361 legatos,

221 368 316 403 etiarn
328 369 367 403 de
382 370 492 412 latere,
505 381 541 404 ac
555 371 716 404 civitatum
730 371 967 415 praedictarum

220 421 462 467 gubernatores,
482 424 606 458 sublata
626 425 672 457 eis
691 431 722 458 et
741 435 854 458 eorum
876 425 966 458 cuili-

192 468 273 509 'het
298 477 409 519 quavis
437 477 529 510 aliter
559 477 723 511 iudicandi
753 483 783 511 et
812 478 968 521 interpre-

219 528 306 562 tandi
326 529 476 563 facultate
496 536 526 564 et
545 531 747 571 auctoritate,
773 531 908 568 iudicari
937 536 968 564 et

219 581 351 615 diffiniri
371 583 501 625 debere;
523 584 650 618 irritum
672 594 801 627 quoque
820 589 851 616 et
870 584 965 617 inane

219 635 376 680 quicquid
395 647 488 672 secus
498 648 596 681 super
605 638 656 671 his
671 648 687 670 a
699 648 874 681 quoquam,
887 648 967 681 qua-

216 688 261 722 vis
271 690 616 730 auetoritate‚scienter
626 691 673 723 vel
686 691 964 733 ignoranter,eon-

217 741 327 786 tigerit
343 744 506 784 attentari,
517 743 721 777 decernimus
732 755 739 784 ;
753 755 790 776 ae
801 743 877 788 ipsis
889 755 965 788 par-

215 795 301 830 tibus
320 807 418 840 super
437 797 620 840 praemissis
648 803 840 842 perpetuum
865 797 964 831 silen-

215 848 297 882 tium
319 849 528 894 imponimus.

260 902 275 946 §
298 901 330 936 8.
361 902 518 943 Quocirca
544 903 781 936 venerabilibus
813 903 965 936 fiatribus

51 959 203 1015 mffigssgfgg
215 954 372 989 Perusino
407 962 439 989 et
465 956 665 990 Urbevetano
711 967 748 989 ac
787 956 963 990 Tudertino

54 1019 89 1044 ui,
216 1008 377 1053 episcopis
399 1020 458 1053 per
476 1020 526 1054 pl
517 1010 661 1042 iesentes
681 1010 871 1043 mandamus
883 1021 963 1053 qua-

213 1067 308 1096 tenus
336 1062 398 1107 ipsi
417 1063 467 1097 vel
491 1063 555 1096 duo
575 1069 630 1096 aut
646 1074 732 1096 unus
751 1073 876 1104 eorum,
905 1075 964 1107 per

215 1126 247 1149 se
272 1117 320 1149 vel
340 1116 439 1150 alium
463 1127 520 1150 seu
540 1116 631 1157 alios,
652 1117 965 1160 praesenteslitteras

215 1174 246 1203 et
271 1169 305 1202 in
333 1170 378 1204 eis
407 1175 557 1204 contenta
585 1181 820 1214 quaecumque,
854 1171 908 1203 ubi
933 1177 964 1204 et

215 1224 347 1268 quando
367 1234 449 1268 opus
468 1224 576 1265 fuerit,
598 1235 635 1257 ac
654 1224 781 1267 quoties
802 1234 861 1268 pro
873 1230 963 1267 parte

217 1277 485 1311 communitatum
515 1283 545 1310 et
585 1277 754 1310 hominum
784 1277 965 1322 praedicto-

213 1341 288 1363 rum
328 1330 448 1364 fuerint
483 1330 654 1374 requisiti,
685 1331 872 1364 solemniter
902 1342 963 1374 pu-

214 1383 383 1425 blicantes,
395 1394 431 1418 ac
442 1384 505 1417 illis
513 1390 544 1417 et
559 1394 671 1417 eorum
683 1383 858 1426 singulisin
874 1395 964 1427 prae-

216 1437 321 1471 missis
341 1437 480 1471 efficacis
498 1437 694 1471 defensionis
715 1437 874 1481 praesidio
890 1438 965 1471 assi-

214 1496 352 1532 stentes,
374 1491 494 1524 saciant
525 1491 714 1524 auctoritate
749 1495 858 1523 nostra
892 1492 964 1524 illos

215 1549 246 1578 et
265 1554 379 1577 eorum
399 1544 541 1587 singulos
565 1544 822 1585 confirmatione,
844 1555 961 1588 appro-

213 1597 355 1639 batione,
367 1597 614 1642 supplicatione,
631 1598 822 1637 adiectione,
833 1597 962 1631 decreto

216 1656 247 1684 et
263 1651 469 1695 impositione
485 1651 619 1694 aliisque
631 1650 814 1695 praemissis
831 1651 963 1694 pacifice

213 1704 278 1738 frui
309 1710 340 1737 et
371 1705 523 1748 gaudere.
557 1705 626 1738 tlon
655 1704 877 1747 permittentes
911 1715 964 1738 eos

215 1768 272 1792 seu
305 1768 417 1791 eorum
438 1758 577 1801 aliquem
608 1758 747 1801 desuper
777 1768 836 1801 per
865 1769 962 1801 quos-

215 1822 355 1855 cumque
375 1811 617 1855 quomodolibet
632 1811 773 1844 indebite
785 1811 961 1853 molestari,

214 1866 399 1910 perturbari
423 1871 478 1898 aut
504 1865 689 1909 inquietari,
712 1865 964 1898 contradictores

214 1919 375 1961 quoslibet
407 1924 438 1952 et
470 1919 607 1952 rebelles
636 1918 781 1951 censuris
801 1923 831 1950 et
850 1919 963 1961 poenis

215 1972 438 2006 ecclesiasticis
458 1972 593 2015 aliisque
613 1971 692 2004 iuris
712 1977 742 2004 et
764 1972 834 2004 sacti
859 1983 963 2005 reme-

215 2025 289 2067 diis,
311 2025 423 2059 eadem
456 2026 646 2059 auctoritate
672 2030 792 2065 nostra,
821 2026 963 2068 appella-

215 2078 303 2112 tione
322 2079 510 2123 postposita,
540 2078 791 2121 compescendo;
814 2089 862 2118 ac,
884 2079 963 2121 legi-

216 2132 303 2166 timis
340 2143 437 2176 super
466 2132 517 2165 his
547 2131 703 2164 habendis
727 2131 857 2163 servatis
888 2142 964 2175 pro-

217 2185 377 2224 cessibus,
414 2185 486 2218 illos
526 2185 718 2224 sententias,
749 2194 901 2217 censuras
935 2190 967 2218 et

217 2249 340 2283 poenas
362 2238 549 2272 huiusmodi
562 2237 734 2270 incurrisse
758 2237 962 2279 declarando,

219 2302 257 2326 ac
277 2292 405 2326 easdem
425 2302 578 2325 censuras
597 2297 627 2324 et
653 2301 772 2334 poenas
791 2290 885 2323 etiarn
912 2291 967 2324 ite-

218 2345 296 2379 ratis
314 2345 440 2378 vicibus
469 2345 681 2388 aggravando,
709 2350 738 2377 et
762 2344 966 2377 interdictum

220 2394 472 2429 ecclesiasticum
492 2393 695 2436 apponendo,
717 2393 861 2426 invocato
873 2393 966 2426 etiam

221 2443 261 2477 ad
276 2443 350 2483 hoo,
370 2442 395 2476 si
414 2453 494 2486 opus
511 2442 618 2481 fuerit,
633 2441 882 2474 auxiliobrachii
899 2452 968 2475 sae-

222 2492 353 2526 culmis.

78 2566 210 2590 obstantibus

51 2602 127 2627 muu-
224 2589 295 2625 licis
314 2589 544 2625 iecoidalionis
574 2587 725 2622 Bonisacii
755 2588 858 2631 Papae
892 2587 990 2629 Vm,-

54 3169 86 3228 155,

850 212 952 239 stx’rlis
971 213 990 236 V
1009 212 1056 236 1¹1³.

1654 205 1719 239 693
1781 213 1837 241 Α11.
1853 213 1882 242 C.
1900 216 1973 245 1586

728 264 791 298 ..R
814 264 968 298 E.c;·11di-
1011 265 1266 308 praedecessoris
1285 267 1398 309 nostri,
1420 268 1460 302 de
1480 278 1555 310 una,
1579 273 1610 303 et
1629 269 1761 303 concilii

1009 319 1167 361 generalis
1182 320 1220 353 de
1241 321 1366 356 duabus
1386 322 1514 363 diaetis,
1535 323 1712 357 dummodo
1730 333 1765 356 a-

1009 371 1118 415 liquis,
1155 375 1348 408 earumdem
1381 377 1600 419 praesentium
1635 377 1762 421 vigore,

1008 424 1091 458 ultra
1113 430 1176 458 tres
1195 427 1315 460 diaetas
1339 429 1377 461 ad
1398 429 1554 463 iudicium
1575 440 1640 464 non
1653 430 1764 464 traha-

1008 482 1071 518 tur,
1094 488 1131 510 ac
1156 484 1265 512 nostra
1285 480 1323 514 de
1344 492 1408 514 non
1421 483 1563 516 tollendo
1576 483 1644 516 iure
1656 494 1755 528 quae-

1008 530 1067 564 sito
1083 558 1090 572 ‚
1113 536 1143 564 et
1163 532 1232 565 aliis
1253 534 1417 576 quibusvis
1435 535 1617 579 apostolicis
1637 537 1756 570 consti-

1009 583 1188 617 tutionibus
1212 592 1242 618 et
1262 588 1539 629 ordinationibus3
1561 600 1689 623 necnon
1708 591 1756 623 di-

1010 643 1132 682 ctarum
1152 638 1326 679 civitatum,
1350 641 1445 674 etiam
1467 642 1658 684 iuramento,
1679 653 1756 677 con-

1010 690 1192 725 firmatione
1211 695 1385 736 apostolica
1410 696 1456 728 vel
1477 697 1587 739 quavis
1607 697 1757 731 firmitate

1009 743 1071 776 alia
1091 744 1260 786 roboratis,
1274 747 1397 780 statutis
1411 753 1441 781 et
1459 750 1755 792 consuetudinibus,

1008 797 1189 841 ceterisque
1209 800 1377 832 contrariis
1397 801 1669 846 quibuscumque.
1694 803 1756 837 Seu

1008 850 1033 883 si
1057 850 1230 895 aliquibus,
1253 855 1469 887 communiter
1484 857 1531 888 vel
1556 856 1693 897 divisim,
1717 858 1756 890 ab

1008 904 1190 947 Apostolica
1223 906 1261 938 sit
1289 906 1370 940 Sede
1403 907 1564 942 indultum
1597 910 1685 952 quod
1710 911 1758 943 in-

1010 958 1135 999 terdici,
1159 960 1311 1003 suspendi
1331 961 1379 993 vel
1398 962 1669 996 excommunicari
1691 974 1758 997 non·

1007 1011 1129 1054 possint
1162 1023 1220 1055 per
1255 1013 1376 1047 litteras
1405 1015 1595 1058 apostolicas
1619 1026 1684 1049 non
1709 1018 1755 1050 sa-

1006 1064 1127 1098 cientes
1150 1065 1290 1109 plenam,
1313 1072 1343 1099 et
1363 1077 1542 1111 expressam
1559 1079 1595 1101 ac
1607 1069 1645 1102 de
1656 1071 1754 1103 verbo

1006 1118 1045 1150 ad
1062 1118 1194 1151 verbum
1216 1119 1254 1152 de
1269 1118 1394 1153 indulto
1414 1121 1600 1155 huiusmodi
1621 1123 1756 1156 mentio-

1006 1181 1092 1204 nem.

1050 1225 1164 1258 Datum
1176 1226 1295 1260 Romae
1315 1226 1402 1271 apud
1421 1227 1452 1260 S.
1474 1227 1616 1269 Petrum,
1631 1229 1689 1262 sub
1701 1240 1755 1262 an-

1005 1279 1082 1311 nulo
1107 1279 1275 1313 piscatoris
1289 1307 1297 1321 ,
1320 1281 1371 1314 die
1390 1291 1430 1314 xv
1448 1282 1559 1325 aprilis
1578 1293 1733 1316 MDLxxxw

1005 1332 1213 1376 pontificatus
1236 1334 1336 1367 nostri
1361 1345 1446 1368 anno
1465 1345 1486 1367 1.

1046 1391 1110 1421 Dat.
1127 1391 1173 1421 die
1192 1392 1229 1422 15
1247 1391 1350 1432 aprilis
1371 1392 1457 1430 1586,
1473 1393 1579 1432 pontis.
1599 1402 1675 1423 anno
1690 1401 1711 1427 ι,

1326 1554 1425 1588 XLIII.

1005 1629 1050 1662 Da
1069 1631 1170 1663 decies
1189 1632 1330 1664 centenis
1353 1632 1496 1664 millibus
1508 1635 1753 1665 ηηῃηυνννῖὴη-

1048 1694 1176 1717 reorum,
1196 1686 1231 1717 in
1252 1695 1324 1717 arce
1343 1685 1376 1717 S.
1403 1685 1520 1727 Anyeli
1542 1687 1698 1728 repositis,
1723 1690 1752 1717 ec

1050 1738 1138 1770 nullo
1162 1749 1315 1782 umquam
1341 1742 1488 1782 tempore,
1515 1739 1579 1771 nisi
1598 1739 1635 1771 in
1655 1749 1752 1782 prae-

1050 1792 1179 1835 scriptis
1193 1792 1329 1833 casibus,
1356 1791 1574 1824 detrahendis.

1077 1873 1172 1901 Sixtus
1188 1872 1339 1908 episcopus,
1355 1878 1451 1900 servus
1470 1878 1611 1900 servorum
1630 1873 1685 1905 nei,

1146 1927 1179 1954 ad
1197 1926 1359 1961 perpetuam
1378 1926 1419 1954 rei
1441 1926 1609 1954 memoriam.

1049 1998 1094 2030 Ad
1131 1999 1255 2031 clavum
1294 1997 1488 2041 apostolicae
1526 1997 1686 2031 servitutis
1720 1999 1750 2031 in
1811 2017 1949 2039 mmmm,

1006 2051 1107 2095 puppi
1129 2051 1219 2083 milit
1221 2051 1293 2084 mtis
1311 2051 1684 2091 Ecclesiae,nonme1111s
1698 2062 1752 2085 no-
1766 2050 1950 2107 ξὲῗξζᾱρζξοέξοῗ

1006 2106 1088 2145 suis,
1109 2106 1162 2138 sed
1186 2105 1310 2138 divinae
1337 2105 1445 2138 volunt
1450 2110 1508 2137 1115
1528 2104 1749 2148 dispositione,
1765 2112 1813 2132 ⁵10¹
1809 2116 1860 2131 eam
1909 2111 1948 2131 ³¹¹-

1006 2159 1203 2191 difficillimis
1223 2159 1271 2190 his
1286 2163 1413 2202 tempoi
1416 2158 1487 2190 ibus
1498 2157 1673 2197 constituti,
1687 2169 1751 2192 non
1765 2142 1948 2194 ἓ-’ἕὲῐιὲθςωῃω

1007 2213 1110 2245 solum
1132 2218 1315 2255 piaesentes
1334 2211 1462 2252 fluctus,
1482 2211 1600 2253 quibus
1614 2211 1647 2244 B.
1668 2212 1752 2245 Petri

1007 2266 1154 2298 navicula
1174 2265 1299 2308 saepius
1320 2266 1467 2305 iactatur,
1485 2270 1591 2298 mente
1610 2265 1753 2308 pervigili

1008 2319 1299 2363 circumspicimus,
1329 2318 1384 2351 sed
1408 2318 1521 2361 procul
1542 2318 1636 2352 etiam
1658 2325 1754 2362 atque

1008 2374 1130 2414 alonge
1148 2372 1368 2415 impendentes
1379 2377 1594 2415 tempestates,
1608 2383 1673 2405 non
1685 2373 1754 2406 sine

1009 2436 1123 2468 magna
1144 2425 1241 2457 animi
1267 2424 1495 2465 sollicitudine,
1522 2424 1751 2468 prospicimus,

1010 2490 1128 2522 easque
1161 2477 1296 2511 consilio
1331 2483 1362 2510 et
1385 2477 1558 2520 vigilantia,
1597 2484 1752 2522 quantum

266 2541 282 2584 ἓ
305 2540 337 2574 9.
363 2540 432 2574 Non
452 2540 650 2573 05511111111115
671 2550 718 2582 pl
710 2548 852 2571 ’1611115515
873 2549 909 2571 ac
921 2538 989 2587 seq
1010 2543 1083 2565 ¹11¹ss
1118 2531 1253 2564 D01¹¹²110
1285 2541 1694 2574 possumuS,p1aecavere
1718 2543 1754 2564 '¹0

1011 2586 1110 2619 vitare
1133 2585 1311 2619 studemus.
1341 2583 1554 2618 Ciicumstant
1581 2593 1639 2616 nos
1663 2584 1753 2616 undi-
