2059 3228
313 292 315 295 Ι
805 260 899 285 mni-m
924 259 1031 284 nitaris
1566 243 1657 284 1069'

241 312 371 352 duetus,
398 313 497 350 ibat:
525 318 553 346 et
579 313 675 346 modo
699 312 948 346 aedificantibus
973 313 1005 345 in
1029 312 1085 344 Via
1112 311 1209 345 Felici
1231 318 1258 345 et
1289 312 1342 344 Via
1363 312 1419 344 Pia
1439 311 1588 345 aedificia
1607 323 1688 346 con-

242 365 396 398 struenda
411 376 469 408 pro
482 375 691 409 quocumque
704 365 835 405 delicto,
856 371 1083 409 praeterquam
1096 365 1180 398 lesae
1196 364 1386 404 maiestatis,
1402 364 1607 398 confiscanda
1619 376 1683 399 non

238 417 316 458 sint,
345 418 420 451 ibid.
448 419 483 457 b·,
505 417 829 461 inhabitantibusque
851 429 909 462 per
923 417 1093 451 biennium
1112 417 1259 450 aedificia
1277 417 1443 461 praedicta
1458 427 1685 462 quaecumque

239 471 458 505 Romanorum
483 470 602 503 civium
629 470 799 514 privilegia
820 481 985 511 concessa,
1003 470 1068 505 915
1084 481 1124 509 α;
1143 470 1327 503 habitantes
1343 470 1463 503 ibidem
1482 481 1542 514 pro
1564 471 1685 505 debitis

235 525 412 558 contractis
435 531 523 558 extra
548 531 668 558 statum
693 535 758 558 non
786 526 1011 564 molestentur,
1031 524 1124 563 ibid.;
1143 524 1313 567 privilegio
1331 523 1391 557 fori
1409 523 1582 568 Capitolini
1605 536 1682 569 gau-

233 576 344 616 deant,
361 577 439 610 ibid.
459 577 601 610 artifices
620 577 732 609 eadem
750 577 896 610 aedificia
909 577 1088 610 incolentes
1105 587 1123 608 a
1139 576 1284 609 collectis
1297 586 1355 620 per
1371 577 1558 610 consulatus
1574 577 1682 621 impo-

236 629 352 662 nendis
368 638 404 661 ac
421 629 461 662 ab
481 639 580 662 onere
595 629 747 662 excubias
761 634 909 672 tempore
928 629 1040 673 pestis,
1058 633 1130 668 etc„
1145 628 1297 668 faciendi,
1315 628 1455 672 exempti
1471 629 1634 668 sint,ibid.
1648 631 1677 663 b.

144 680 317 714 Rosarium
335 692 391 714 seu
409 681 599 715 Psalterium
617 681 732 714 Beatae
748 682 889 723 Virginis
906 681 1022 714 Mariae
1043 681 1081 714 ad
1101 681 1180 713 iram
1198 681 1250 713 Dei
1270 681 1460 724 placandam
1478 688 1509 714 et
1528 682 1680 716 interces-

232 734 358 768 sionem
387 735 531 768 eiusdem
553 734 695 777 Virginis
717 735 956 778 implorandam
982 745 1000 767 a
1020 734 1138 769 Sancto
1163 734 1331 767 Dominiro
1359 734 1552 775 instituitur,
1576 735 1620 768 44
1645 737 1676 775 θ’,

231 786 303 820 eius
327 787 483 820 festivitas
517 787 692 830 quotannis
715 787 883 820 Dominica
917 787 1023 831 prima
1051 787 1195 820 octobris
1219 787 1410 820 celebranda
1432 788 1465 820 in
1499 789 1677 831 gratiarum

229 840 392 874 actionem
409 841 606 881 decernitur,
623 840 700 884 quia
713 851 825 884 preces
845 840 1130 884 processionaliter
1150 839 1268 873 effusas
1284 841 1336 873 die
1356 850 1397 873 vu
1413 841 1568 882 octobris,
1593 853 1677 885 quae

230 898 299 926 erat
315 893 496 934 Dominica,
513 905 531 926 a
548 893 673 927 Rosarii
687 893 850 927 sodalibus
868 904 926 937 per
941 892 1053 926 orbem
1071 893 1228 926 universis
1244 904 1303 937 pro
1317 894 1452 927 victoria
1469 900 1583 927 contra
1594 895 1675 928 Tur-

228 955 282 977 cas
307 955 325 977 a
341 945 597 979 christianorum
626 946 726 979 classe
743 951 920 989 reportata,
947 946 1085 978 multum
1106 945 1265 989 profuisse
1290 946 1378 978 credi
1400 952 1519 990 potest,
1539 946 1616 980 ibid.
1637 948 1673 987 b;

229 997 479 1031 confraternitas
503 998 623 1041 gratias
651 1004 683 1031 et
708 998 928 1041 indulgentias
954 1008 972 1030 a
1000 997 1111 1030 multis
1126 984 1337 1031 tf‘ontificibus
1365 998 1520 1037 obtinuit,
1550 1010 1632 1042 quae
1657 1011 1676 1032 a

226 1049 316 1083 Sixto
334 1050 357 1082 V
375 1051 611 1084 confirmantur
627 1057 656 1084 et
675 1057 883 1091 renovantur,
902 1050 966 1084 660
988 1062 1008 1083 a
1024 1056 1055 1084 et
1072 1051 1101 1091 b;
1123 1050 1277 1094 mag-ister
1297 1057 1328 1083 et
1344 1052 1483 1084 vicarius
1513 1052 1674 1095 generalis

225 1102 358 1137 Ordinis
376 1103 485 1137 Sancti
509 1104 668 1137 Dominici
687 1110 716 1137 et
738 1103 885 1147 deputati
912 1114 1024 1137 eorum
1045 1109 1181 1147 possunt
1198 1103 1369 1137 instituere
1390 1104 1674 1138 confraternitates

224 1155 364 1195 Rosarii,
382 1156 494 1200 eisque
510 1157 557 1189 sic
573 1157 689 1190 erectis
706 1157 827 1199 gratias
843 1166 956 1190 omnes
971 1161 1003 1189 et
1020 1156 1145 1189 indulta
1165 1156 1237 1189 aliis
1261 1157 1583 1191 confraternitatibus
1598 1157 1673 1190 data

224 1208 368 1251 elargiri,
393 1209 451 1243 661
481 1221 512 1249 1¹3
531 1210 613 1242 aliae
632 1209 851 1252 indulgentiae
868 1219 1052 1247 concessae,
1069 1209 1147 1242 ibid.
1166 1210 1194 1241 b.

130 1258 327 1295 ¹ssot-silionis
347 1261 380 1294 in
404 1262 566 1295 Comitatu
593 1263 723 1295 Adriani
738 1262 775 1295 Vl
797 1262 923 1295 litterae
940 1262 1136 1294 innovantur
1155 1268 1187 1295 et
1203 1262 1404 1306 ampliantur
1421 1264 1541 1305 quibus
1558 1264 1670 1307 prohi-

222 1313 341 1347 bentur
355 1315 543 1358 monopolia
560 1326 615 1348 seu
631 1321 818 1348 contractus
834 1325 1058 1358 quoscumque
1079 1319 1194 1347 contra
1212 1314 1340 1348 Statuta
1361 1320 1391 1348 et
1410 1315 1460 1348 ius
1481 1326 1668 1356 commune,

220 1367 281 1402 421
301 1380 333 1409 a;
351 1380 476 1413 poenae
493 1370 525 1402 in
545 1370 825 1403 contravenientes
841 1369 1059 1409 declarantur,
1076 1368 1156 1402 ibid.
1178 1369 1208 1401 b.

884 1527 904 1561 S

129 1631 266 1665 Sabellis
285 1632 351 1675 (de)
375 1633 485 1666 curiae
502 1633 748 1666 reformationes
767 1644 783 1666 a
806 1633 888 1666 lulio
913 1633 939 1666 11
958 1640 989 1667 et
1006 1634 1105 1667 Paulo
1125 1635 1162 1668 tv
1188 1636 1361 1678 praestitae
1385 1646 1457 1668 cum
1476 1637 1566 1680 lapsu
1589 1643 1668 1670 tem-

219 1684 310 1728 poris
328 1684 492 1718 obsoletae
510 1692 626 1726 essent,
645 1686 840 1719 innovantur
857 1697 874 1719 a
888 1686 1043 1730 Gregorio
1059 1688 1124 1720 xm
1138 1694 1235 1731 atque
1255 1689 1454 1722 observanda
1473 1684 1666 1733 proponun-

218 1741 272 1770 tur
291 1737 353 1771 107
374 1749 405 1771 α.
429 1738 523 1771 ludex
540 1738 683 1781 gratuito
700 1739 876 1782 deputetur
895 1739 932 1772 ad
946 1750 1066 1773 annum
1084 1741 1131 1773 vel
1147 1751 1184 1773 ex
1200 1741 1386 1774 rationabili
1407 1752 1503 1774 causa
1517 1741 1557 1774 ad
1573 1741 1666 1775 bien-

218 1789 321 1830 nium,
345 1791 424 1823 ibid.
447 1790 752 1824 Commentariensis
769 1797 800 1824 et
820 1791 981 1835 capitanei
999 1802 1036 1825 ac
1055 1793 1236 1826 executoris
1264 1793 1371 1826 officia
1399 1804 1464 1827 non
1484 1794 1666 1827 vendantur

217 1853 278 1876 nec
297 1844 459 1883 locentur,
479 1843 554 1877 ibid.
580 1844 608 1882 ἰν,
627 1844 746 1876 notarii
771 1844 834 1877 sint
855 1844 919 1877 duo
939 1849 1078 1885 tantum,
1100 1846 1193 1882 ibicis,
1225 1846 1318 1879 iudex
1342 1857 1538 1889 cognoscere
1551 1848 1666 1891 nequit

215 1906 329 1929 causas
354 1907 414 1941 pro
430 1897 546 1939 quibus
565 1902 685 1929 statuta
705 1902 749 1929 est
773 1907 877 1940 poena
903 1897 1094 1940 corporalis,
1123 1899 1222 1937 ibi‹l.;
1244 1909 1349 1941 neque
1369 1899 1449 1931 alias
1469 1899 1494 1931 si
1522 1899 1599 1932 alibi
1624 1900 1666 1933 sit

215 1957 445 1993 praeventum,
467 1950 788 1993 significationesque
820 1960 884 1982 non
916 1951 1085 1991 concedat,
1106 1952 1183 1984 ibid.
1203 1964 1209 1991 ;
1232 1952 1330 1985 fiscus
1349 1951 1469 1985 citetur
1499 1952 1531 1985 in
1559 1953 1664 1986 causis

215 2001 442 2036 criminalibus
458 2003 600 2036 eiusdem
621 2002 731 2035 curiae
747 2008 843 2045 atque
861 2014 1038 2046 poenarum
1064 2005 1243 2037 solutiones
1271 2005 1478 2044 adnotentur,
1506 2005 1605 2040 ibid:
1630 2006 1663 2039 in

217 2054 370 2088 civilibus
395 2056 499 2089 causis
520 2055 696 2098 appellatio
720 2055 815 2088 detur
843 2056 881 2087 ad
905 2056 1087 2089 auditorem
1111 2056 1175 2090 108
1199 2068 1237 2093 α;
1266 2057 1425 2091 tributum
1459 2068 1524 2091 non
1553 2058 1662 2101 exiga-

217 2113 272 2140 tur
295 2108 335 2140 ab
359 2107 540 2141 inhonestis
563 2107 769 2147 mulieribus,
788 2108 917 2140 ibidem.

118 2159 328 2193 Sacramenti
345 2160 577 2204 (Sanctissimi)
591 2160 852 2200 confraternitas,
868 2159 901 2192 in
921 2160 1063 2194 Ecclesia
1076 2161 1110 2194 Β.
1126 2162 1243 2195 Mariae
1262 2173 1361 2206 supra
1374 2163 1549 2196 Minervam
1568 2163 1662 2197 Ordi-

214 2213 266 2246 nis
289 2213 553 2248 Praedicatorum
578 2213 670 2246 statis
695 2213 810 2246 dicbus
835 2213 1014 2256 plenariam
1035 2221 1245 2258 peccatorum
1266 2216 1502 2259 indulgentiam
1518 2217 1660 2257 obtinet,

214 2265 252 2300 51
271 2277 292 2299 a
308 2272 341 2300 et
354 2278 432 2311 seq.;
455 2267 525 2300 eius
542 2267 721 2300 confratres
740 2272 829 2299 extra
840 2266 958 2299 Urbem
975 2267 1158 2308 existentes,
1175 2269 1342 2302 visitantes
1361 2268 1530 2302 ecclesiam
1546 2280 1662 2314 quam-

209 2329 351 2363 cumque
369 2319 605 2363 indulgentiam
631 2319 809 2352 stationum
830 2326 1084 2363 consequantur,
1111 2321 1189 2354 ibid.
1212 2322 1241 2359 b;
1269 2328 1298 2354 et
1329 2322 1408 2355 alias
1431 2322 1509 2355 aliis
1533 2322 1660 2366 diebus,

210 2372 303 2411 ibid.;
324 2372 460 2422 facultas
483 2373 685 2406 confratrum
706 2371 784 2404 alias
804 2372 997 2405 confratrias
1017 2374 1170 2417 propriae
1195 2374 1405 2417 aggregandi,
1423 2374 1465 2408 52
1484 2386 1522 2415 a;
1544 2375 1657 2408 archi-

209 2423 458 2457 confraternitas
483 2424 592 2458 Sancti
622 2424 709 2457 Petri
739 2424 779 2457 de
809 2424 894 2457 Urbe
924 2430 1030 2468 potest
1057 2433 1259 2459 commutare
1285 2438 1358 2460 cum
1390 2427 1658 2461 confraternitate

209 2483 387 2519 aggregata
412 2478 461 2510 vel
481 2477 686 2520 afflreganda
702 2477 841 2520 primam
861 2477 1058 2510 dominicam
1077 2479 1197 2511 mensis
1213 2480 1252 2512 ad
1272 2480 1513 2523 processionem
1532 2480 1655 2514 haben-

208 2529 280 2562 dam
299 2529 333 2561 in
353 2529 448 2562 aliam
466 2529 675 2569 dominicam,
698 2535 795 2572 prout
816 2539 1032 2573 unaquaeque
1049 2531 1199 2574 expedire
1220 2531 1412 2565 iudicaverit
1442 2532 1505 2566 719
1524 2533 1553 2572 b;
1575 2543 1655 2566 con-

209 2586 468 2619 i'raternitatilms
493 2586 590 2620 etiam
613 2586 649 2620 tit
669 2586 803 2620 facultas
823 2586 962 2621 habendi
975 2589 1216 2632 processionem
1237 2589 1320 2622 infra
1337 2596 1482 2624 octavam
1501 2589 1654 2635 Corporis

209 2638 339 2674 Christi,
360 2639 435 2671 ibid.
