2059 3228
166 245 219 271 An.
238 243 266 272 C.
287 246 355 273 1579
411 244 474 278 252

365 310 411 342 vel
428 308 536 351 paucis
552 307 621 340 eius
635 307 738 351 gentis
754 307 934 351 peregrinis
947 308 986 340 ad
995 307 1112 340 Urbem

365 361 575 400 venientibus,
593 361 644 392 vix
661 360 756 393 datur
772 360 904 393 facultas
920 359 1113 394 exercendae

367 423 442 455 erga
466 423 520 445 eos
536 412 770 456 hospitalitatis,
788 413 848 446 hoc
865 423 992 456 quoque
1008 412 1114 455 hospi-

367 467 437 506 tale,
455 476 527 498 cum
545 465 610 498 suis
627 465 768 506 aedibus,
785 465 890 505 rebus,
917 463 1115 508 suppellecti-

366 519 460 559 libus,
479 518 647 551 mobilibus
663 523 694 550 et
710 518 937 558 immobilibus,
955 528 991 550 ac
1015 517 1110 550 etiam

367 571 516 605 omnibus
533 576 563 605 et
580 571 833 614 quibuscumque
850 568 1114 614 possessionibus,

367 626 479 666 vineis,
507 625 602 668 agris,
621 625 777 665 domibus,
796 624 930 663 iuribus,
957 623 1114 662 censibus,

368 678 545 711 redditibus
569 689 605 711 ac
630 678 698 711 aliis
721 678 813 711 bonis
841 678 988 710 similiter
1012 676 1115 708 eidem

368 732 500 774 collegio
525 732 556 763 in
582 737 771 776 perpetuum
802 731 931 763 unimus
957 735 985 762 et
1011 729 1115 761 incor-

368 794 528 828 poramus,
554 785 597 817 ita
622 791 656 817 ut
679 785 771 817 liceat
784 783 1018 827 protectoribus
1042 792 1116 815 nec-

370 847 434 870 non
459 838 572 870 rectori
591 837 665 870 dicti
683 837 804 880 collegii
822 847 879 880 pro
897 842 1036 880 tempore
1053 836 1116 869 exi-

369 889 464 923 stenti
489 891 686 938 corporalem
722 891 953 934 possessionem
978 895 1043 923 tam
1067 901 1117 922 ec-

369 944 482 977 clesiae
506 950 534 977 et
561 945 673 977 domus
686 944 714 977 S.
733 944 884 987 Stephani
902 955 996 988 quam
1011 943 1118 986 hospi-

369 998 441 1030 talis
468 1007 593 1030 necnon
617 998 783 1040 utriusque
807 997 985 1037 domorum,
1010 997 1117 1030 aedifi-

370 1050 505 1090 ciorum,
530 1049 708 1091 vinearum,
733 1060 893 1093 agrorum,
912 1061 1117 1091 annexorum,

371 1105 600 1145 membrorum,
634 1104 849 1148 praediorum,
881 1114 1045 1144 censuum,
1071 1103 1118 1135 iu-

371 1157 466 1198 rium,
483 1157 709 1190 obventionum
734 1163 764 1190 et
788 1157 950 1190 actionum
974 1157 1118 1190 omnium

372 1211 619 1254 praedictorum,
634 1221 692 1254 per
715 1221 747 1243 se
771 1211 819 1243 vel
842 1210 939 1243 alium
952 1220 1006 1243 seu
1031 1210 1119 1252 alios,

373 1264 503 1307 propria
527 1263 725 1304 auctoritate,
757 1264 855 1297 libere
878 1264 1119 1308 apprehendere

373 1322 406 1350 et
428 1322 581 1360 perpetuo
598 1317 747 1357 retinere,
765 1317 956 1361 illorumque
973 1318 1118 1350 omnium

374 1371 504 1410 fructus,
529 1370 672 1403 redditus
695 1376 726 1403 et
751 1376 922 1414 proventus
939 1370 972 1403 in
997 1370 1120 1413 collegii

373 1422 528 1466 praedicti
554 1433 628 1455 usus
651 1428 680 1456 et
710 1424 903 1465 utilitatem,
928 1424 1121 1468 supportatis

374 1480 482 1508 tamen
505 1476 656 1509 oneribus
680 1476 755 1510 dicti
780 1477 965 1520 hospitalis,
990 1478 1015 1511 si
1040 1490 1122 1522 quae

375 1528 449 1570 sint,
465 1534 658 1570 convertere,
677 1530 816 1564 cuiusvis
833 1531 961 1564 licentia
985 1532 1122 1575 desuper

378 1581 509 1615 minime
527 1583 688 1626 requisita.

422 1634 438 1677 ᾗ
461 1634 490 1667 5.
515 1635 660 1668 Ceterum
684 1636 768 1669 idem
793 1638 960 1681 collegium
979 1639 1123 1683 illiusque

199 1695 318 1719 Pr¹vi1ec¹a
327 1694 371 1714 00¹-
379 1693 518 1721 rectores
535 1715 543 1730 ,
574 1699 763 1723 oeconomos
779 1718 788 1732 ,
821 1692 989 1735 magistros
1002 1720 1010 1733 ,
1034 1703 1124 1736 prae-

176 1722 234 1746 legio
275 1723 369 1745 eiusque

176 1745 522 1796 gfffiffigffigssjoeptffl'es
546 1746 640 1785 atque
664 1742 821 1776 scholares
844 1755 902 1787 pro
926 1750 1068 1789 tempore
1092 1746 1125 1779 in

176 1803 370 1827 risqueeoueessn·
380 1806 418 1828 eo
441 1795 623 1837 existentes,
647 1801 679 1829 et
702 1807 813 1829 eorum
837 1797 1035 1839 domesticos,
1059 1798 1127 1831 offi-

379 1849 474 1882 ciales
486 1859 522 1881 ac
540 1848 712 1889 ministros,
730 1854 760 1882 et
777 1849 877 1893 ipsius
901 1851 1022 1894 collegii
1042 1852 1126 1885 bona

378 1902 510 1935 mobilia
533 1907 565 1935 et
587 1902 774 1943 immobilia,
799 1903 1028 1948 cuiuscumque
1049 1916 1126 1949 qua-

378 1955 476 1988 litatis
492 1961 522 1989 et
538 1955 725 1999 quantitatis
742 1955 776 1988 in
794 1956 878 1989 dicta
896 1957 980 1990 Urbe
992 1964 1022 1991 et
1039 1964 1126 1991 extra

379 2018 416 2040 ac
439 2008 517 2041 alias
541 2008 659 2052 ubique
683 2009 825 2042 locorum
849 2010 1063 2053 consistentia,
1088 2013 1127 2045 ab

379 2063 467 2095 omni
481 2062 709 2104 iurisdictione,
719 2063 926 2104 correctione,
935 2064 1127 2105 visitatione,

379 2116 522 2149 dominio
539 2144 547 2158 ‚
575 2116 796 2160 superioritate
831 2121 862 2149 et
890 2121 1044 2160 potestate
1068 2127 1126 2160 pro

380 2174 522 2212 tempore
535 2169 697 2203 existentis
714 2169 836 2210 vicarii,
860 2168 1026 2210 senatoris,
1051 2179 1125 2202 con-

381 2222 550 2255 servatoris
574 2233 610 2255 ac
634 2224 878 2258 reformatorum
903 2226 1004 2258 dictae
1022 2223 1127 2264 Urbis,

382 2287 507 2311 necnon
530 2278 662 2312 rectoris
684 2279 780 2312 studii
800 2279 955 2322 generalis
978 2279 1072 2313 Urbis
1096 2284 1125 2312 et

383 2330 521 2364 cuiusvis
559 2331 714 2365 ordinarii
738 2332 878 2367 locorum
895 2360 904 2374 ,
928 2333 1125 2377 aliorumque

383 2394 658 2429 quorumcumque
675 2386 816 2420 iudicum
840 2391 870 2420 et
887 2386 1070 2420 officialium
1095 2387 1127 2420 in

383 2437 452 2480 ipsa
468 2439 551 2471 Urbe
569 2440 615 2473 vel
631 2440 707 2473 alias
719 2440 851 2472 ubilibet
868 2439 1124 2479 constitutorum,

384 2496 416 2523 et
439 2497 601 2535 praeterea
623 2493 710 2534 illud,
729 2493 762 2526 in
786 2493 924 2537 propriis
941 2493 1008 2527 eius
1032 2493 1127 2527 rebus

385 2550 416 2577 et
438 2545 541 2586 bonis,
564 2551 595 2578 et
615 2547 692 2579 alios
719 2557 791 2580 cum
815 2547 883 2590 ipso
907 2547 1129 2581 contrahentes

386 2608 405 2633 a
421 2599 575 2632 solutione
599 2605 627 2632 et
652 2600 813 2634 exactione
829 2600 973 2634 omnium
997 2605 1029 2634 et
1052 2611 1130 2644 quo-

386 2662 596 2698 rumcumque
619 2654 758 2698 pedagii,
782 2655 932 2699 gemellae,
965 2655 1132 2698 bollcttini,

946 253 1133 278 BULLARIUM
1156 252 1311 277 ROMAMJM

1142 306 1336 339 decimarum
1361 311 1393 339 et
1416 306 1553 340 cuiusvis
1575 307 1722 350 alterius,
1751 311 1815 342 tam
1839 315 1892 342 01·-

1142 359 1259 391 dinarii
1296 370 1391 403 quam
1428 361 1671 394 extraordinarii
1696 362 1804 395 oneris
1821 389 1829 403 ,
1853 372 1891 396 ex

1143 422 1341 456 quacumque
1365 423 1459 446 causa
1483 412 1704 456 impositorum
1732 420 1762 448 et
1786 415 1889 459 impo-

1145 465 1335 505 nendorum,
1359 471 1512 508 perpetuo
1536 466 1703 500 eximimus
1727 473 1757 500 et
1775 467 1890 501 libera-

1144 528 1222 559 mus,
1247 529 1283 551 ac
1307 519 1365 551 sub
1390 518 1473 552 Beati
1490 519 1572 552 Petri
1597 526 1628 553 et
1652 519 1740 554 Sedis
1756 521 1890 564 Aposto-

1143 570 1220 603 licae
1247 576 1341 614 atque
1379 576 1487 605 nostra
1523 573 1720 615 protectione
1755 573 1887 617 suscipi-

1143 633 1225 663 mus,
1250 624 1404 668 nobisque
1428 630 1458 657 et
1483 624 1585 659 dietae
1609 626 1680 659 Sedi
1704 626 1888 660 immediate

1144 675 1339 717 sufficimus,
1363 678 1482 710 eisdem
1506 689 1632 722 quoque
1655 679 1797 723 collegio,
1821 691 1889 713 rec-

1144 728 1276 770 toribus,
1301 730 1506 772 scholaribus,
1531 732 1803 775 praeceptoribus,
1823 743 1891 766 ma-

1144 780 1268 824 gistris,
1293 783 1475 817 oeconomis
1492 812 1499 825 ,
1533 784 1718 818 officialibus
1741 791 1772 819 et
1795 785 1891 819 mini-

1144 835 1228 876 stris,
1252 841 1287 868 ut
1311 837 1563 881 quibuscumque
1585 838 1769 882 privilegiis,
1786 848 1893 871 exem-

1145 888 1308 931 ptionibus
1325 917 1333 931 ,
1372 890 1573 924 libertatibus
1588 918 1596 932 ,
1637 890 1838 924 facultatibus
1861 894 1895 924 et

1146 941 1286 984 indultis,
1305 943 1422 986 quibus
1445 943 1591 977 Studium
1619 944 1765 987 generale
1789 943 1894 977 dictae

1146 996 1240 1029 Urbis
1263 1001 1293 1030 et
1318 997 1402 1030 illius
1426 1002 1529 1030 rector
1553 998 1774 1040 doctoresque,
1798 996 1833 1029 in
1856 1006 1894 1030 eo

1146 1049 1241 1083 etiam
1258 1054 1330 1083 actu
1342 1051 1490 1093 legentes,
1509 1049 1621 1093 quovis
1636 1050 1730 1082 modo
1747 1053 1893 1090 utuntur,

1147 1102 1313 1146 potiuntur
1336 1108 1367 1136 et
1391 1103 1555 1146 gaudent,
1587 1113 1624 1136 ac
1646 1103 1691 1135 uti
1711 1128 1719 1139 .
1743 1102 1840 1146 potiri
1862 1107 1895 1136 et

1147 1157 1286 1200 gaudere
1309 1162 1457 1200 poterunt
1491 1157 1727 1201 quomodolibet
1751 1156 1786 1189 in
1809 1157 1895 1190 futu-

1147 1220 1229 1250 rum,
1253 1210 1293 1243 ad
1316 1220 1426 1243 eorum
1450 1210 1552 1243 instar
1567 1216 1598 1243 et
1621 1210 1690 1254 pari
1711 1210 1815 1256 modo,
1833 1210 1895 1253 uti,

1147 1263 1243 1305 potiri
1266 1268 1294 1296 et
1320 1263 1458 1306 gaudere
1485 1264 1609 1296 valeant
1632 1264 1666 1296 in
1689 1263 1838 1297 omnibus
1862 1269 1894 1298 ct

1149 1328 1204 1360 per
1226 1317 1333 1350 omnia
1359 1322 1513 1361 perpetuo
1538 1316 1752 1359 concedimus,
1776 1317 1894 1360 illaque

1148 1372 1194 1404 eis
1216 1371 1498 1412 communicamus,
1516 1371 1689 1404 districtius
1711 1370 1893 1404 inhibentes

1149 1425 1277 1466 vicario,
1301 1425 1451 1465 senatori,
1475 1423 1772 1465 conservatoribus,
1795 1424 1896 1458 refor-

1151 1479 1326 1512 matoribus
1357 1477 1537 1521 rectorique
1559 1481 1591 1509 et
1615 1476 1684 1510 aliis
1708 1475 1868 1509 iudicibus
1884 1502 1895 1518 ‚

1151 1531 1335 1565 officialibus
1351 1536 1382 1564 et
1394 1531 1539 1574 personis
1555 1529 1736 1573 praedictis,
1748 1539 1786 1562 ac
1797 1529 1896 1563 etiam

1152 1596 1209 1629 pro
1234 1590 1376 1628 tempore
1399 1583 1543 1617 existenti
1560 1582 1590 1616 S.
1614 1583 1650 1616 R.
1667 1583 1700 1615 E.
1721 1582 1898 1617 camerario

1154 1636 1469 1682 praesidentibusque
1513 1640 1543 1668 et
1590 1634 1712 1668 clericis
1749 1634 1899 1668 Gamerae

1154 1691 1347 1736 Apostolicae
1365 1717 1373 1731 ,
1411 1700 1447 1722 ac
1471 1687 1634 1732 quibusvis
1672 1686 1899 1720 commissariis

1154 1746 1194 1779 ad
1232 1745 1426 1778 exactionem
1462 1741 1658 1775 decimarum
1694 1743 1725 1773 et
1762 1738 1899 1772 aliorum

1155 1809 1286 1833 onerum
1304 1796 1539 1841 praedictorum
1562 1804 1620 1838 pro
1636 1799 1778 1836 tempore
1801 1792 1899 1836 depu-

1157 1852 1228 1885 tatis
1244 1879 1251 1893 ,
1276 1861 1316 1884 ne
1340 1848 1523 1894 quarumvis
1546 1848 1724 1880 litterarum
1738 1873 1746 1887 ‚
1770 1845 1816 1878 eis
1840 1845 1901 1878 suh

1156 1905 1408 1949 quibuscumque
1442 1901 1606 1935 tenoribus
1640 1904 1671 1932 et
1693 1898 1803 1932 formis
1826 1908 1900 1931 con-

1156 1968 1326 1998 cessarum,
1349 1960 1525 2001 praetextu,
1550 1952 1726 1995 collegium,
1751 1957 1900 1993 rectores,

1156 2013 1312 2046 scholares
1327 2037 1336 2052 ‚
1367 2013 1587 2053 praeceptores
1603 2033 1611 2046 ,
1636 2005 1825 2049 magistros,
1849 2014 1901 2037 oe·

1156 2074 1330 2104 conomos,
1358 2061 1505 2096 officiales
1543 2065 1574 2093 et
1612 2059 1776 2092 ministros
1810 2068 1903 2101 prae-

1156 2118 1267 2157 dictos,
1291 2127 1347 2149 seu
1370 2124 1481 2148 eorum
1504 2113 1643 2156 aliquem
1662 2111 1696 2144 in
1719 2110 1902 2155 praemissis

1157 2170 1266 2214 quovis
1283 2168 1376 2202 modo
1393 2167 1558 2200 molestent
1574 2175 1632 2198 nec
1645 2163 1805 2198 molestari
1829 2173 1900 2208 per-

1156 2223 1294 2257 mittant.
2006 2263 2008 2265 Ι

1201 2279 1215 2321 ἓ
1238 2277 1267 2310 6.
1291 2276 1329 2308 Et
1351 2279 1515 2318 praeterea
1542 2272 1726 2316 regentibus
1749 2282 1785 2305 ac
1809 2282 1900 2316 supe-
1911 2280 1974 2318 mk

1159 2331 1296 2364 rioribus
1313 2328 1388 2363 dicti
1405 2327 1539 2370 collegii,
1556 2336 1629 2360 cum
1652 2324 1829 2359 assistentia
1852 2329 1902 2358 ta·
1910 2330 1967 2372 'gg-‘5

1160 2396 1232 2419 men
1256 2382 1465 2418 cardinalium
1500 2385 1714 2425 protectorum
1731 2406 1740 2421 ‚
1764 2377 1819 2422 qui
1842 2388 1901 2422 pro
2004 2422 2006 2428 Ι

1161 2447 1300 2484 tempore
1333 2441 1425 2470 crunt
1457 2445 1512 2468 seu
1535 2433 1668 2466 alicuius
1690 2441 1800 2465 eorum
1817 2457 1826 2472 ,
1854 2431 1903 2464 vel

1160 2495 1197 2527 de
1236 2493 1378 2537 ipsorum
1413 2486 1543 2523 consilio
1580 2492 1612 2520 et
1648 2494 1792 2529 expresso
1825 2493 1901 2517 con-

1161 2557 1254 2581 sensu
1271 2574 1279 2587 ,
1311 2544 1380 2577 illos
1396 2570 1404 2583 ‚
1429 2553 1508 2586 quos
1542 2541 1576 2574 in
1599 2540 1683 2573 dicto
1716 2537 1846 2580 collegio
1869 2541 1902 2570 et

1160 2600 1234 2634 alibi
1251 2610 1308 2643 per
1324 2598 1465 2632 debit-um
1483 2602 1607 2639 tempus
1623 2593 1789 2634 studuisse,
1798 2601 1835 2624 ac
1850 2590 1900 2623 lit-

1163 2661 1301 2690 terarum
1319 2651 1449 2687 scientia
1473 2655 1503 2685 et
1520 2649 1661 2684 moribus
1683 2648 1812 2683 idoneos
1834 2657 1902 2682 esse
