2059 3228
111 201 164 236 ΑΒ,
180 203 210 233 C.
225 205 294 235 ¹585

352 195 417 231 606

307 269 346 292 ac
369 257 465 291 etiam
489 265 549 300 pro
569 260 715 299 tempore
735 246 905 287 existentes
930 253 1054 298 praese·
1097 251 1185 285 vocis
1210 252 1342 285 oraculo
1361 253 1455 289 factm
1473 257 1502 285 et
1523 255 1712 290 auctoritate
1727 257 1775 290 sui
1796 267 1847 291 ca-

308 317 378 345 ctus
397 320 454 343 seu
479 309 671 342 castellanus
690 307 843 342 Revellini
854 307 930 340 dicti
942 312 1055 351 portus
1097 304 1292 338 merariatus
1300 305 1413 345 ol'ticii,
1426 316 1462 338 ac
1473 316 1509 338 ex
1521 307 1648 341 decreto
1664 308 1697 342 in
1713 309 1847 344 camera

305 364 492 398 nullatenus
509 361 705 406 impedirent
724 361 803 405 quin
819 371 913 394 naves
938 365 969 393 et
993 360 1055 392 alia
1095 358 1280 401 Apostolica
1304 358 1402 397 edito,
1428 369 1482 391 vos
1501 359 1541 391 ad
1561 359 1701 395 honores
1728 368 1758 395 et
1778 363 1847 396 offi-

306 417 393 460 ligna
411 415 495 449 dicto
522 415 686 448 Revellino
705 419 761 447 aut
781 414 923 447 eiusdem
943 419 1056 457 portus
1074 416 1077 447 !
1097 410 1146 443 cia
1165 412 1377 453 (secretorum
1400 417 1506 445 tamen
1527 416 1674 457 excepto)
1692 425 1728 449 ac
1744 416 1846 450 mobi-

904 201 957 225 Bt't
969 201 1085 226 Mutum
1104 200 1254 224 Roxtaxtzw

306 469 393 502 molo
422 468 650 508 adhaererent,
677 478 783 511 neque
804 473 975 511 propterea
995 466 1054 499 ali-

306 522 384 567 quid
411 521 586 564 exigerent,
609 521 669 554 nisi
689 532 748 565 pro
769 531 963 564 unaquaque
984 520 1054 553 navi

305 576 402 619 lignis
421 581 549 616 onusta,
571 586 674 608 unum
695 576 819 618 lignum
847 580 996 614 tantum;
1019 584 1056 607 ac

305 630 455 663 similiter
475 629 563 673 quod
583 629 777 663 castellanus
796 639 852 662 seu
873 628 1056 672 praefectus

305 683 388 716 arcis
411 683 556 716 eiusdem
576 682 725 722 civitatis,
758 682 882 715 ratione
902 680 1055 713 transitus

304 747 364 780 per
382 736 484 781 ipsam
501 736 672 776 civitatem,
693 735 787 775 nihil,
809 740 938 779 praeter
952 744 1055 767 unum

304 790 429 833 lignum
440 800 498 834 pro
519 789 663 833 qualibet
681 790 782 822 salma
800 789 977 831 lignorum,
998 798 1055 831 pe-

304 847 372 876 tere
396 853 453 876 seu
480 842 608 886 exigere
640 847 771 886 possent
797 847 852 875 aut
886 841 1052 874 deberent.

303 895 395 936 Item,
419 907 493 929 cum
520 901 684 940 oporteret
710 895 749 928 ad
778 893 1053 928 conservationem

304 949 457 983 maritimi
473 949 673 990 commercii,
693 949 733 982 ad
757 958 981 992 quascumque
997 958 1055 980 na-

303 1014 357 1037 ves
377 1009 408 1037 et
424 1003 486 1036 alia
497 1003 633 1046 navigia,
648 1003 761 1036 barcas
785 1007 999 1046 nuncupatas,
1019 1012 1054 1034 ea

1074 451 1137 528 {lia
1171 464 1268 504 bona,
1297 464 1383 497 datia
1411 471 1441 498 ct
1473 466 1625 508 gabellas,
1652 478 1689 501 ac
1715 478 1844 503 onlnem

1095 516 1194 549 alium
1215 517 1345 550 solitum
1367 518 1548 558 introitum,
1571 519 1689 562 quibus
1707 528 1780 555 ante
1791 533 1846 556 an·

1096 580 1173 602 num
1203 570 1411 604 millesimum
1432 572 1724 615 quingentesimum
1748 575 1845 619 trige-

1095 624 1212 657 simum
1232 625 1424 665 secundum,
1444 632 1509 658 tam
1529 626 1562 658 in
1592 626 1718 661 civitate
1743 629 1847 663 Anco-

1095 689 1154 711 nae
1175 689 1273 721 quam
1294 678 1364 711 eius
1379 679 1534 712 comitatu
1547 681 1746 724 gaudebatis,
1757 681 1846 716 iuxta

1095 737 1181 764 certa
1202 743 1351 775 expressa
1370 733 1522 777 capitula,
1558 739 1589 767 et
1621 734 1707 768 inter
1725 741 1832 770 cetera

1095 785 1180 828 quod
1200 796 1265 826 vos,
1294 797 1352 830 pro
1382 787 1526 820 custodia
1550 793 1581 821 et
1609 788 1679 822 aliis
1699 789 1831 833 expensi

1095 838 1177 871 arcis
1197 838 1288 872 istius
1308 839 1456 880 civitatis,
1474 840 1561 873 mille
1573 847 1603 874 et
1614 841 1843 883 ducentorum3

1094 897 1123 924 et
1135 903 1193 936 pro
1205 893 1476 936 gubernatoribus
1490 894 1619 935 suturis,
1633 894 1687 937 qui
1700 895 1844 930 officium

1093 945 1318 988 gubernatoris
1339 953 1369 980 et
1394 947 1552 990 praetoris
1576 948 1621 981 ibi
1645 954 1843 990 exercerent,

1094 1006 1126 1034 et
1149 1010 1263 1033 eorum
1283 1000 1415 1041 familia,
1438 1007 1622 1042 sexcentos;
1650 1008 1681 1035 et
1699 1013 1760 1047 pro
1778 1013 1844 1036 uno

303 1057 431 1091 biscotti
444 1057 604 1101 quantitas
614 1067 651 1090 ex
663 1057 747 1090 dicta
757 1055 883 1089 civitate
895 1054 1054 1099 exportari
1072 1046 1075 1088 l.
1093 1053 1202 1087 iudice
1222 1054 1477 1098 appellationum
1498 1055 1531 1087 in
1551 1055 1699 1089 civilibus
1719 1067 1779 1100 per
1789 1067 1844 1090 vos

302 1115 422 1155 posset,
443 1122 526 1154 qnae
546 1121 605 1154 pro
636 1116 808 1143 nautarum
834 1110 868 1142 in
897 1108 960 1142 illis
989 1108 1054 1142 exi-

303 1165 457 1199 stentium
474 1175 536 1197 usu
556 1164 733 1197 sufficeret.
755 1163 901 1206 Cumque
921 1173 939 1196 a
959 1162 1054 1195 certis

303 1223 381 1251 tunc
408 1218 574 1251 mensibus
599 1217 692 1257 citra,
715 1228 732 1250 a
750 1221 829 1249 tunc
849 1216 953 1249 dictae
982 1225 1052 1259 pro-

304 1271 426 1304 vinciae
459 1270 617 1304 Marchiae
648 1269 858 1303 thesaurariis
897 1270 1053 1313 quaedan.

303 1335 384 1358 nova
404 1325 565 1369 impositio
585 1325 684 1358 trium
703 1325 888 1368 paulorum,
907 1334 924 1356 a
937 1323 1054 1366 guber-

304 1383 417 1412 natore
437 1378 540 1412 dictae
557 1378 693 1412 civitatis
709 1378 807 1410 unius
821 1376 954 1410 alterius
967 1377 1054 1420 pauli

305 1442 365 1475 pro
385 1432 530 1475 qualibet
562 1432 662 1465 salma
692 1431 794 1475 ipsius
821 1430 948 1464 biscotti
974 1430 1058 1463 facta

306 1485 429 1526 fuisset,
447 1496 483 1518 ac
499 1485 659 1530 plerique,
683 1490 713 1517 et
731 1495 890 1528 pauperes
909 1494 1058 1528 praeser-

306 1539 363 1572 tim
382 1539 543 1579 homines,
565 1538 720 1582 conqueri
729 1544 759 1572 et
771 1538 941 1572 lamentari
961 1549 1058 1581 coge-

307 1597 432 1632 rentur,
469 1598 499 1625 et
530 1598 643 1636 portus
667 1592 781 1625 exinde
822 1591 1059 1635 infrequentior

307 1645 510 1679 redderetur.

395 1699 519 1733 Idcirco
530 1699 605 1733 dict.
616 1700 691 1733 Pius
707 1699 936 1744 praedecessor
950 1699 1060 1733 omnia

307 1764 387 1787 nova
411 1753 579 1797 vectigalia
597 1753 785 1786 huiusmodi
806 1759 917 1786 contra
928 1753 1059 1786 solitum

308 1807 459 1851 imposita
486 1807 648 1844 substulit,
671 1807 845 1847 revocavit,
868 1807 998 1840 cassavit
1029 1812 1061 1840 et

308 1860 496 1894 annullavit.
524 1862 568 1894 lta
584 1867 619 1894 ut
638 1861 719 1893 nihil
735 1860 868 1894 omnino
882 1861 920 1893 de
941 1867 1059 1901 cetero,

309 1924 422 1947 eorum
436 1915 616 1955 occasione,
631 1915 810 1948 solveretur
820 1914 1059 1958 autaquopiam

309 1967 501 2010 exigeretur,
514 1973 543 2001 et
555 1968 642 2011 quod
651 1968 719 2001 solo
730 1973 759 2000 et
768 1967 906 2011 simplici
919 1968 1061 2000 dohane-

309 2021 432 2054 riorum
453 2021 624 2062 bulletino,
640 2027 675 2054 ut
685 2026 778 2054 antea
791 2031 919 2064 semper
940 2022 1059 2054 sactum

310 2085 379 2108 esse
403 2074 499 2108 etiam
517 2075 716 2115 asserebatis,
738 2074 860 2108 extrahi
881 2080 987 2119 posset
1009 2086 1061 2108 vo-

312 2127 369 2160 luit
390 2133 420 2160 et
440 2128 612 2161 commisit.

398 2181 518 2214 Deinde
529 2182 710 2215 recolendae
723 2181 899 2215 memoriae
914 2181 989 2215 Pius
1000 2182 1056 2214 PP.

312 2234 346 2272 Υ,
357 2234 452 2266 etiam
460 2235 689 2278 praedecessor
700 2241 820 2276 noster,
835 2240 966 2278 accepto
974 2236 1058 2279 quod

314 2287 416 2320 bonae
438 2288 612 2321 memoriae
632 2288 735 2322 Guido
754 2288 909 2322 Ascanius
928 2289 1060 2322 Sanctae

315 2340 428 2373 Mariae
447 2341 478 2373 in
497 2341 739 2382 Via-Lata,tunc
756 2342 947 2375 Sanctorum
964 2343 1061 2375 Vitiet

314 2389 442 2421 Modesti
453 2390 789 2424 diaconuscardinalis
800 2391 837 2424 de
846 2391 1062 2425 SanctaFlora

315 2445 532 2481 nuncupatim,
560 2445 687 2473 sanctae
708 2440 871 2474 Romanae
902 2441 1062 2474 Ecclesiae

316 2487 524 2527 camerarius,
547 2489 586 2521 de
607 2489 758 2522 mandato
783 2490 885 2523 felicis
910 2490 1062 2523 recorda-

316 2534 412 2567 tionis
431 2536 519 2568 I'auli
537 2537 640 2580 Papae
660 2538 711 2577 ΙΙΙΙ
730 2539 985 2581 praedecessoris
1003 2549 1062 2572 no-

316 2583 384 2624 stri,
415 2584 475 2618 sibi
503 2596 600 2629 super
629 2586 702 2627 hoc,
725 2591 760 2620 ut
780 2587 956 2629 asserebat,
976 2587 1062 2621 vivae

1070 1244 1076 1270 Ι

1072 1129 1075 1148 ;
1094 1108 1255 1150 eligendo,
1278 1113 1309 1141 et
1332 1119 1391 1151 per
1410 1108 1623 1152 apostolicum
1647 1110 1744 1143 breve
1763 1121 1843 1144 con-

1093 1161 1265 1200 firmando,
1293 1162 1349 1205 qui
1378 1166 1494 1195 statuta
1517 1162 1623 1196 dictae
1651 1163 1786 1197 civitatis
1810 1163 1844 1197 in

1094 1225 1223 1248 omnem
1250 1225 1359 1248 casum
1392 1215 1561 1248 observare
1591 1221 1773 1258 teneretur,
1806 1228 1845 1251 ac

1093 1279 1158 1300 uno
1179 1268 1306 1301 notario
1333 1273 1364 1301 et
1382 1279 1448 1302 uno
1469 1274 1640 1303 executore
1659 1281 1719 1315 per
1737 1270 1844 1314 ipsum

1094 1321 1234 1355 iudicem
1268 1322 1426 1362 tenendis,
1448 1322 1605 1356 ducentos
1624 1328 1655 1357 et
1680 1323 1843 1368 quinqua-

1094 1375 1204 1418 ginta3
1225 1381 1255 1408 et
1276 1386 1336 1420 pro
1356 1386 1422 1409 uno
1441 1375 1591 1410 barisello
1611 1388 1690 1413 cum
1703 1383 1777 1411 octo
1796 1379 1844 1411 fa-

1096 1429 1204 1469 mulis,
1227 1430 1384 1463 ducentos
1397 1440 1405 1469 ;
1435 1440 1494 1463 nec
1514 1440 1579 1463 non
1599 1441 1658 1475 pro
1688 1431 1845 1464 scribanis

1096 1489 1126 1516 et
1153 1483 1339 1527 guardianis
1362 1489 1530 1527 portarum
1559 1489 1590 1517 et
1616 1485 1842 1528 penellarum,

1097 1543 1226 1571 centum
1251 1537 1486 1582 quinquaginta
1505 1538 1649 1579 ducatos,
1678 1538 1717 1572 ad
1749 1539 1846 1573 ratio-

1097 1602 1170 1625 nem
1190 1592 1303 1625 decem
1327 1592 1482 1625 iuliorum
1494 1603 1554 1636 pro
1567 1592 1843 1636 quolibetmense‚

1098 1656 1211 1679 eorum
1231 1652 1333 1679 ratam
1353 1646 1500 1686 solvere;
1521 1651 1553 1679 et
1576 1646 1713 1679 ulterius
1736 1647 1845 1690 quoli-

1097 1701 1149 1732 bet
1169 1710 1253 1733 anno
1273 1699 1372 1733 trium
1391 1699 1528 1732 millium
1549 1699 1741 1733 ducatorum
1755 1699 1845 1733 simi—

1099 1754 1178 1786 lium
1212 1764 1371 1787 summam
1392 1753 1424 1786 in
1445 1753 1706 1787 fortificationem
1736 1758 1768 1787 et
1794 1765 1846 1787 re-

1100 1807 1299 1850 parationem
1328 1817 1498 1840 murorum
1519 1812 1550 1840 et
1569 1807 1708 1840 aliorum
1734 1817 1846 1841 neces-

1103 1861 1258 1894 ariorum
1275 1860 1377 1894 dictae
1396 1860 1531 1893 civitatis
1554 1860 1665 1904 (prout
1675 1861 1846 1905 peripsum

1101 1915 1380 1958 praedecessorem
1402 1920 1433 1948 et
1451 1925 1654 1948 successores
1673 1925 1748 1948 suos
1764 1915 1847 1948 ordi-

1099 1968 1243 2011 naretur)
1263 1978 1423 2011 exponere
1443 1968 1616 2010 deberetis,
1643 1979 1702 2013 per
1718 1969 1853 2017 eiuslit1

1100 2028 1183 2054 teras
1210 2022 1471 2065 reinteginverat,
1498 2021 1584 2055 idem
1604 2022 1854 2067 praedecessor,‘

1100 2075 1138 2108 ad
1159 2086 1271 2119 preces
1289 2081 1420 2116 vestras,
1439 2075 1524 2109 inter
1539 2076 1611 2117 alia,
1627 2076 1850 2121 reintegratio-

1099 2140 1172 2162 nem
1198 2129 1385 2163 huiusmodi
1411 2140 1460 2170 ac,
1483 2136 1580 2173 prout
1600 2129 1689 2163 illam
1713 2141 1848 2164 concer-

1100 2183 1230 2223 nebant‚
1251 2182 1359 2216 omnia
1379 2189 1410 2217 et
1433 2183 1560 2226 singula
1579 2183 1611 2216 in
1631 2183 1849 2218 dictislittcris

1101 2241 1251 2269 contenta
1270 2241 1301 2269 et
1320 2236 1394 2269 inde
1414 2242 1523 2269 secuta
1546 2247 1773 2281 quaecumque
1792 2248 1851 2282 per

1101 2301 1174 2323 suas
1199 2290 1320 2323 litteras
1349 2290 1548 2334 approbarit.
1576 2291 1614 2323 Et
1646 2301 1705 2335 pro
1733 2291 1850 2335 potiori

1102 2344 1228 2377 cautela
1247 2354 1303 2377 vos
1322 2344 1362 2377 ad
1388 2344 1540 2384 honores,
1561 2344 1680 2385 officia,
1710 2344 1794 2378 bona
1820 2349 1852 2378 et

1104 2393 1174 2426 iura
1193 2393 1370 2436 praedicta,
1393 2393 1489 2426 modo
1509 2398 1539 2426 et
1554 2393 1669 2434 forma,
1691 2404 1728 2427 ac
1753 2398 1851 2438 prout

1105 2452 1161 2486 per
1180 2441 1287 2485 ipsum
1307 2441 1486 2475 Guidonem
1509 2441 1681 2489 Ascanium
1701 2443 1848 2476 cardina-

1103 2491 1165 2523 lem
1190 2497 1221 2523 et
1241 2489 1455 2523 camerarium
1486 2489 1672 2534 reintegrati
1703 2491 1847 2534 fueratis,

1104 2540 1143 2572 de
1153 2550 1234 2573 noro
1247 2538 1390 2583 plenarie
1401 2539 1497 2573 etiam
1507 2539 1714 2584 reintegravit
1725 2546 1754 2574 et
1765 2540 1857 2573 rcin-'
1877 2548 1879 2550 '

1105 2594 1242 2632 tegratos
1261 2598 1329 2622 esse
1348 2588 1489 2624 decrevit
1502 2599 1510 2633 3
1525 2588 1630 2622 dictus
1647 2593 1756 2622 autem
1766 2589 1849 2626 Pau-

1974 2664 2003 2684 ἐ
1988 2612 2002 2651 'vso
1989 2595 2005 2607 ·,
