2059 3228
160 232 207 259 An.
226 232 254 259 C.
276 234 341 260 1575

176 1296 246 1321 Ante.
261 1305 282 1322 v.

406 226 463 258 tat

945 235 1123 260 BULLARIFM
1144 235 1293 260 ROMANUM

354 287 399 319 eis
420 286 563 320 fidelium
582 288 721 321 vivorum
744 287 906 331 suffragia,
928 288 1096 321 missarum
1139 293 1241 321 mater
1259 287 1412 328 Ecclesia,
1431 287 1523 321 cuius
1538 294 1584 321 est
1599 286 1740 321 iudicare
1755 287 1793 320 de
1806 294 1883 320 vero

353 339 649 381 scilicctsacrificia,
663 342 824 375 orationes
835 348 866 375 et
881 343 1097 385 eleemosynas
1137 352 1231 374 sensu
1267 347 1298 374 et
1325 340 1587 384 interpretatione
1612 351 1776 374 sacrarum
1795 339 1881 373 Scri-

353 397 379 423 et
405 392 463 424 :ilia
498 393 622 436 pietatis
654 394 772 435 officia,
798 406 880 440 quae
911 406 928 428 a
949 395 1098 428 fidelibus

352 455 409 487 pro
430 446 501 477 aliis
521 446 670 479 fidelibus
690 448 760 481 ficri
787 454 1024 482 consueverunt
1047 459 1095 481 se-

350 498 492 530 cuudum
516 499 672 534 Ecclesiae
698 501 829 534 istituta.
853 503 1049 545 illorumque
1064 512 1096 534 a·

350 549 464 590 ninias,
501 552 568 594 qui,
608 559 680 597 post
712 554 871 598 Baptisnta
896 560 1091 598 susceptum,

350 604 472 636 nullam
506 605 637 638 omnino
658 607 779 649 peccati
801 608 958 640 maculam
983 607 1093 640 incur-

350 663 474 697 rerunt,
494 657 562 690 illas
578 659 686 699 etiam,
703 671 784 704 quae
805 666 875 705 post
895 666 1092 694 contractam

348 711 471 753 pcccati
491 713 663 753 maculam,
685 714 732 746 vot
752 715 784 746 in
804 715 869 747 suis
889 714 1089 758 corporibus,

347 763 395 795 vel
416 763 529 797 iisdem
557 771 669 799 exutae
697 768 901 811 corporibus,
922 773 1017 810 prout
1036 779 1090 801 su-

345 816 455 859 perius
475 817 595 851 dictum
616 825 674 860 est,
697 825 771 853 sunt
790 827 954 864 purgatae,
975 821 1091 855 incoe-

346 870 412 902 lum
431 881 503 903 mcx
522 872 643 915 recipi,
671 878 701 905 et
726 873 842 907 intueri
873 875 958 907 clare
982 875 1089 918 ipsum

344 922 445 955 Deum
466 923 586 957 trinum
606 931 636 958 et
655 936 756 958 uuum
777 926 871 959 sicuti
888 933 943 966 est,
960 928 1090 961 merito-

343 985 416 1007 rum
448 982 555 1010 tamen
575 978 754 1012 diversitate
779 979 878 1012 alium
899 980 961 1012 alio
981 981 1087 1023 perse—

343 1027 437 1068 ctius3
459 1029 587 1063 illorum
609 1038 715 1065 autem
748 1033 882 1073 animas,
905 1033 961 1076 qui
980 1033 1013 1066 in
1037 1045 1087 1067 ac-

343 1082 419 1114 tuali
453 1083 578 1116 mortali
611 1091 743 1127 peccato
772 1086 820 1118 vel
845 1087 912 1119 solo
937 1086 1085 1130 originali

341 1135 511 1176 decedunt,
530 1147 601 1169 mox
631 1137 664 1170 in
692 1138 853 1171 internum
875 1140 1081 1181 descendere,

340 1188 452 1232 poenis
465 1195 570 1223 tamen
588 1190 769 1234 disparibus
793 1192 983 1236 puniendas.

384 1241 399 1284 g
416 1241 448 1274 5.
470 1242 560 1282 Item,
580 1249 721 1276 sanctam
739 1244 952 1287 Apostolicam
968 1246 1083 1279 Sedem

339 1300 369 1327 et
389 1294 569 1328 Romanum
587 1297 818 1330 Pontificemin
838 1298 1021 1332 universum
1033 1310 1084 1332 or-

337 1347 410 1381 bem
428 1353 537 1382 tenere
555 1350 742 1392 primatum,
764 1356 793 1384 et
819 1351 924 1395 ipsum
949 1352 1082 1386 Pontifi-

328 1402 407 1435 'cem
440 1401 621 1435 Romanum
653 1414 872 1438 successorem
910 1416 977 1439 esse
998 1406 1082 1439 beati

162 2046 229 2068 Arne,
246 2054 273 2068 vi.

161 2415 227 2437 Attio.
244 2422 282 2436 τιι.

157 2599 224 2623 Amr„
239 2607 287 2622 viii.

336 1454 421 1487 Petri
451 1455 606 1499 principis
640 1458 880 1500 apostolorum,
913 1464 943 1491 et
969 1470 1081 1492 verum

336 1507 453 1541 Christi
477 1508 630 1542 vicarium
661 1510 824 1554 totiusque
850 1511 1011 1546 Ecclesiae
1031 1524 1082 1546 ca-

336 1566 392 1604 put
410 1567 441 1594 et
460 1562 606 1595 omnium
624 1563 872 1597 christianorum
902 1571 1027 1608 patrem
1045 1577 1081 1599 ac

335 1615 500 1647 doctorem
520 1615 667 1655 existere,
687 1621 717 1649 et
737 1616 797 1660 ipsi
813 1617 845 1649 in
865 1617 961 1651 beato
987 1618 1080 1652 Petro

335 1668 499 1710 pascendi,
525 1669 658 1711 regendi
683 1674 713 1702 et
731 1670 932 1712 gubernandi
952 1671 1080 1704 univer-

335 1721 433 1753 salem
467 1721 643 1755 Ecclesiam
662 1733 681 1755 a
699 1722 835 1755 Domino
867 1729 976 1757 nostro
1009 1724 1080 1758 Iesu

334 1773 459 1806 Christo
483 1774 611 1818 plenam
623 1780 811 1819 potestatem
832 1776 980 1809 traditam
997 1787 1077 1818 esse,

334 1827 608 1869 quemadmodum
629 1828 724 1860 etiam
742 1828 775 1860 in
795 1829 872 1861 actis
894 1830 1079 1862 oecumeni-

335 1890 449 1912 corum
465 1880 676 1913 conciliorum
695 1886 726 1914 et
740 1881 773 1914 in
788 1882 887 1915 sacris
902 1883 1080 1916 canonibus

335 1932 530 1966 continetur.

377 1985 439 2029 ἓδ.
459 1986 594 2031 Insuper
612 1988 768 2031 profiteor
800 1999 837 2021 ac
870 1989 993 2032 recipio
1018 1989 1079 2022 alia

333 2039 452 2080 omnia,
466 2050 548 2083 quae
559 2051 597 2073 ex
607 2040 742 2074 decretis
752 2052 849 2074 sacrae
860 2042 1077 2075 oecumenica}

333 2094 491 2135 generalis
503 2094 614 2138 synodi
634 2094 851 2135 Tridentinae,
874 2100 1077 2128 sacrosancta

332 2145 475 2179 Romana
483 2152 512 2180 ct
523 2147 706 2191 Apostolica
715 2147 869 2188 Ecclesia,
887 2147 981 2180 etiam
995 2148 1078 2180 ultra

333 2205 480 2232 contenta
499 2200 531 2232 in
544 2200 728 2244 supradicto
739 2200 813 2234 fidei
829 2200 989 2244 SymbolQ
1004 2212 1079 2243 pro-

333 2252 453 2285 fitenda
489 2264 525 2286 ac
562 2253 749 2297 recipienda
783 2253 952 2297 proposuit
980 2258 1078 2297 atque

332 2306 549 2349 praesciipsit‚
570 2312 604 2339 ut
628 2306 785 2350 sequitur.

376 2358 441 2400 {7-
470 2360 668 2402 Apostolicas
701 2364 731 2393 et
760 2359 992 2393 ecclesiasticas
1011 2363 1077 2391 tra-

332 2411 470 2444 ditiones
484 2412 688 2456 reliquasque
704 2411 1012 2446 eiusdemEcclesiac
1022 2412 1078 2445 ob-

333 2460 525 2493 servationes
555 2467 586 2494 ct
620 2462 865 2495 constitutiones
893 2460 1077 2494 firmissime

333 2508 466 2541 admitto
487 2515 517 2541 ct
533 2511 720 2553 amplector.

376 2558 390 2600 g
424 2557 454 2589 8.
495 2558 583 2599 Item,
610 2570 731 2593 sacram
756 2560 964 2605 Scripturarn,
991 2559 1077 2592 iuxta

332 2617 406 2640 eum
431 2617 559 2640 sensum
581 2619 676 2650 quem
698 2610 800 2643 tenuit
819 2615 850 2644 et
864 2614 951 2644 tenet
968 2613 1078 2644 sancta

1136 400 1318 437 pturarum,
1352 394 1505 434 admitt03
1533 404 1592 427 nec
1614 404 1684 427 eam
1707 403 1879 436 umquam,

1136 446 1195 480 nisi
1215 447 1301 480 iuxta
1321 446 1510 480 unanimem
1525 456 1716 480 eonsensum
1734 446 1878 487 Patrum‚

1135 499 1293 544 accipiam
1314 505 1344 534 et
1364 500 1610 544 interpretabor.

1179 553 1193 595 ξ
1209 556 1240 586 9.
1263 553 1420 586 Profiteor
1439 563 1567 596 quoque
1583 557 1704 597 septem
1718 563 1786 586 esse
1803 563 1879 587 vere

1133 612 1163 639 et
1180 607 1310 650 proprie
1330 611 1530 640 sacramenta
1549 616 1647 639 novae
1666 605 1745 649 legis
1770 616 1788 639 a
1806 606 1877 640 Iesu

1132 658 1254 692 Christo
1287 659 1421 692 Domino
1455 665 1565 692 nostro
1591 659 1751 700 instituta,
1780 664 1876 703 atque

1131 712 1170 745 ad
1199 713 1333 745 salutem
1358 711 1492 745 humani
1520 713 1664 755 generis,
1699 712 1773 746 licet
1810 706 1877 747 nod

1131 765 1238 799 omnia
1251 765 1385 809 singulis
1406 765 1598 806 necessaria,
1621 765 1875 810 scilicetBaptis-

1131 828 1219 850 mum
1235 844 1243 858 ,
1282 817 1584 860 Confirmationem,
1616 818 1872 860 Eucharistiam,

1130 871 1374 912 Poenitentiam,
1396 872 1576 905 Extremam
1593 872 1797 913 Unctionem‚
1817 872 1874 906 Or-

1128 924 1237 957 dinem
1257 929 1288 957 et
1310 924 1567 958 Matrimonium:
1595 924 1714 968 illaque
1738 925 1873 968 gratiam

1128 977 1287 1018 conferre,
1306 983 1337 1011 et
1353 978 1448 1011 exhis
1466 977 1676 1021 Baptismum,
1694 978 1873 1012 Confirma-

1127 1031 1248 1064 tionem
1272 1036 1303 1064 et
1327 1030 1478 1064 Ordinem
1498 1031 1567 1064 sine
1586 1031 1755 1075 sacrilegio
1773 1032 1871 1066 reite-

1126 1084 1190 1117 rari
1211 1095 1277 1117 non
1296 1095 1401 1128 posse.

1168 1137 1183 1181 g
1203 1137 1256 1171 10.
1278 1137 1435 1182 Receptos
1466 1148 1595 1182 quoque
1620 1143 1651 1171 et
1677 1138 1870 1182 approbatos

1123 1191 1284 1224 Ecclesiae
1317 1191 1493 1224 catholicae
1512 1191 1593 1224 ritus
1612 1191 1644 1224 in
1668 1192 1869 1235 supradicto-

1123 1255 1197 1277 rum
1212 1243 1357 1277 omnium
1369 1248 1643 1277 sacramentorum
1662 1245 1799 1277 solemni
1814 1244 1869 1278 ad-

1123 1296 1371 1337 ministratione,
1398 1297 1520 1340 recipio
1544 1302 1576 1330 et
1594 1297 1739 1330 admitto.

1166 1350 1181 1392 5
1200 1349 1254 1382 111.
1281 1349 1394 1383 Omnia
1414 1356 1445 1383 et
1463 1350 1600 1393 singula,
1620 1361 1702 1393 quae
1731 1350 1770 1384 de
1788 1362 1865 1395 pec-

1122 1407 1192 1436 cato
1217 1402 1363 1445 originali
1385 1408 1416 1436 et
1447 1403 1486 1436 de
1510 1403 1736 1437 iustificatione
1759 1403 1792 1436 in
1816 1415 1866 1438 sa-

1121 1461 1287 1489 crosancta
1319 1457 1503 1490 Tridentina
1535 1457 1654 1501 synodo
1680 1457 1812 1491 definita
1825 1463 1866 1492 et

1121 1509 1282 1542 declarata
1301 1510 1444 1551 suerunt,
1465 1510 1643 1554 amplector
1661 1515 1693 1543 et
1710 1511 1846 1555 recipio.

1164 1563 1179 1606 ξ
1199 1562 1253 1595 12.
1279 1563 1435 1596 Profiteor
1451 1563 1572 1607 pariter
1590 1563 1623 1596 in
1642 1564 1738 1597 missa
1756 1564 1865 1598 offerri

1120 1617 1184 1650 Deo
1207 1627 1332 1658 verum,
1359 1617 1529 1661 proprium
1549 1623 1580 1650 et
1603 1617 1865 1661 propitiatorium

1120 1670 1312 1702 sacrificium
1325 1681 1383 1713 pro
1392 1670 1469 1703 vivis
1489 1676 1519 1703 et
1534 1670 1704 1711 defunctis,
1721 1676 1817 1714 atque
1831 1672 1865 1705 in

1119 1722 1319 1756 sanctissimo
1344 1723 1562 1756 Eucharistiae
1581 1729 1781 1757 sacramento
1796 1735 1865 1758 esse

1119 1787 1205 1817 vere,
1227 1776 1357 1809 realiter
1376 1781 1407 1809 et
1429 1776 1681 1810 substantialiter
1696 1777 1820 1821 Corpus
1835 1783 1867 1812 et

1118 1829 1325 1872 Sanguinem,
1343 1839 1408 1862 una
1427 1840 1502 1862 cuin
1517 1829 1624 1862 anima
1639 1834 1670 1863 et
1688 1829 1864 1872 divinitate,

1118 1883 1152 1916 D.
1167 1883 1202 1916 N.
1223 1884 1293 1916 Iesu
1310 1882 1443 1925 Christi3
1463 1883 1598 1927 fierique
1620 1883 1864 1917 conversionem

1119 1936 1215 1969 totins
1233 1936 1429 1969 substantiae
1452 1936 1545 1980 panis
1564 1937 1597 1969 in
1616 1936 1752 1980 Corpus,
1771 1942 1802 1970 et
1812 1942 1863 1971 to-

1118 1989 1182 2022 tius
1201 1988 1395 2023 substantiae
1413 1989 1477 2022 vini
1489 1989 1522 2021 in
1537 1989 1746 2032 Sanguinem,
1764 2000 1862 2033 quam

1119 2041 1360 2075 conversionem
1386 2041 1545 2075 catholica
1570 2041 1713 2075 Ecclesia
1735 2042 1862 2076 trasub-

1118 2094 1354 2128 stantiationem
1376 2095 1527 2138 appellat.

1160 2149 1175 2192 g
1199 2147 1252 2181 13.
1279 2148 1394 2181 Fateor
1416 2148 1512 2181 etiam
1533 2147 1592 2180 sub
1616 2149 1718 2182 altera
1735 2152 1861 2181 tantum

1117 2201 1222 2245 specie
1256 2206 1360 2235 totum
1389 2206 1486 2245 atque
1510 2200 1671 2244 integrum
1697 2200 1861 2235 Christum

1116 2265 1292 2299 verumque
1311 2260 1549 2288 sacramentum
1570 2254 1665 2288 sumi.

1160 2308 1234 2351 §tlt
1246 2308 1434 2342 Constanter
1446 2313 1541 2341 teneo
1554 2307 1778 2352 purgatorium
1791 2317 1860 2341 esse

1117 2360 1305 2406 animasque
1314 2360 1359 2394 ibi
1379 2361 1523 2395 detentas
1541 2360 1685 2394 fidelium
1702 2359 1860 2404 suffragiis

1116 2414 1229 2448 iuvari.
1243 2413 1397 2449 Similiter
1407 2419 1570 2448 etsanctos
1580 2425 1644 2448 una
1652 2424 1725 2448 cum
1733 2413 1859 2448 Christo

1115 2468 1296 2506 regnantes,
1317 2464 1516 2498 venerandos
1543 2467 1639 2507 atque
1663 2462 1858 2496 invocandos

1116 2523 1194 2553 esse,
1217 2523 1335 2556 eosque
1358 2512 1519 2546 orationes
1540 2512 1604 2546 Deo
1623 2522 1682 2556 pro
1697 2510 1790 2545 nohis
1809 2512 1858 2545 ot-

1115 2561 1211 2601 ferre,
1233 2567 1330 2607 atque
1349 2572 1464 2597 eorum
1480 2560 1633 2606 reliquias
1665 2569 1733 2595 esse
1759 2569 1858 2595 vene-

1115 2609 1242 2645 randas.

1970 0 2041 154 ³

2016 171 2027 183 ζ

2019 188 2025 202 1

1903 234 1939 262 ΑΒ
1965 235 1994 263 C.
2013 223 2041 265 18

2020 287 2027 301 Ὶ

1897 1154 1972 1183 atne.
1986 1160 2007 1177 x.

1907 1366 1974 1389 Artic.
1985 1373 2016 1390 u.

1906 1574 1973 1596 Artic.
1987 1579 2028 1596 m.

1887 2157 1953 2180 Artic.
1968 2163 2018 2182 xm·

1889 2310 1957 2333 Artic-
1972 2315 2016 2339 XIV,
