2059 3228
124 247 174 276 An.
192 246 222 277 C.
236 247 304 279 ¹582

153 1153 274 1176 Rxordium.

142 1962 260 1983 net-tarano
273 1968 306 1982 su-

121 1999 160 2020 per
204 1993 306 2013 observa-

122 2023 306 2044 tionekalcndarii

123 2060 159 2081 pro
175 2055 207 2079 iis,
231 2054 265 2081 qui
281 2054 305 2074 de

122 2091 195 2106 mense
214 2085 307 2106 octobris

123 2116 307 2137 unnuttobser-

122 2152 173 2167 ure
196 2152 237 2167 non
256 2152 308 2168 eoe-

123 2180 208 2204 parunt.

363 239 426 275 390

319 304 373 345 rit,
395 302 648 346 indignationem
682 299 911 345 omnipotentis
942 300 998 334 Dei
1033 311 1069 333 ac

319 356 486 390 beatorum
507 354 590 387 Petri
610 360 640 387 et
659 352 749 387 Pauli
768 354 987 398 apostolorum
999 354 1070 387 eius

320 420 351 442 se
371 408 492 442 noverit
513 408 732 440 incursurum.

363 463 475 495 Datum
519 461 648 494 Tusculi
669 487 677 501 ‚
719 470 802 494 anno
836 460 1069 494 Incarnationis

319 514 498 548 dominicae
513 513 685 547 millesimo
694 513 951 557 quingentesimo
961 520 1070 547 octua-

319 568 440 611 gesimo
460 567 613 607 secundo,
650 572 736 600 sexto
765 567 916 600 kalendas
948 567 1066 608 martii,

319 621 524 665 pontificatus
542 620 643 654 nostri
663 630 747 653 anno
766 630 797 653 x.

383 678 447 708 Dat.
464 678 511 708 die
526 677 565 708 ⁶24
583 677 641 708 feb.
662 677 750 716 1582,
766 680 847 717 pont.
865 686 941 707 anno
964 686 994 707 x.

319 785 469 830 Sequitur
484 785 658 818 declaratio
676 795 771 828 snper
779 785 996 817 observatione
1012 784 1068 817 lict-

361 839 502 873 lendarii
521 849 622 883 nuper
641 838 731 878 edici,
754 848 814 881 pro
835 838 912 876 illis,
944 838 1000 881 qui
1033 837 1069 870 cle

359 903 467 926 mense
486 891 620 925 octobris
653 900 803 924 :inminui
834 890 917 923 itt-nd
943 900 1069 923 servare

359 956 426 979 non
449 949 630 989 coeperunt.

315 1026 460 1062 Gregorius
475 1026 544 1061 Papa
552 1025 621 1058 ΧΙῙΙ,
630 1025 664 1053 ad
675 1025 835 1061 perpetuam
845 1024 886 1053 rei
898 1024 1067 1053 memoriam.

359 1087 543 1133 Cupientes,
566 1098 624 1132 pro
656 1086 825 1132 pastoralis
854 1086 951 1120 officii
977 1086 1069 1120 nobis

315 1142 468 1176 divinitus
491 1142 629 1175 iniuncti
666 1140 895 1181 sollicitudine,
917 1140 1069 1173 kalenda-

315 1195 412 1237 rium,
435 1206 540 1239 nuper
565 1206 643 1229 cura
674 1199 706 1228 et
724 1194 813 1227 iussu
832 1199 942 1227 nostro
963 1203 1069 1226 corre-

316 1255 403 1283 ctum
423 1254 519 1294 atque
539 1249 674 1290 editum,
696 1248 818 1291 ubique
847 1248 995 1280 locorum
1029 1247 1068 1280 ab

316 1302 467 1336 omnibus
486 1302 542 1346 qui
562 1302 655 1343 illud,
669 1306 802 1346 propter
822 1300 945 1333 diversa
964 1300 1067 1344 impe-

317 1356 468 1396 dimenta,
490 1361 607 1389 statuto
628 1355 678 1388 die
699 1353 816 1388 mensis
837 1353 976 1387 octobris
996 1363 1070 1397 pro-

316 1409 400 1444 xime
419 1408 583 1453 praeteriti
608 1408 777 1442 observare
794 1418 860 1440 non
877 1411 1067 1451 coeperunt,

317 1462 558 1507 quamprimum
580 1462 613 1495 in
643 1472 738 1495 usum
763 1460 876 1505 recipi,
908 1466 951 1501 et,
973 1466 1071 1504 prout

319 1515 455 1550 maxime
472 1515 644 1560 expediens
663 1520 722 1556 est,
744 1514 914 1558 diligenter
933 1520 963 1547 et
996 1524 1069 1546 exa-

318 1575 367 1603 cte
386 1569 514 1603 servari.
536 1569 672 1610 Idcirco,
693 1579 734 1602 ne
759 1569 958 1611 subsequens
978 1577 1070 1601 men-

317 1624 360 1657 sis
393 1623 546 1664 octobris,
579 1623 666 1667 quod
695 1622 825 1667 quidem
864 1621 961 1655 nimis
996 1622 1069 1654 lon-

317 1688 394 1721 gum
413 1682 506 1717 esset,
529 1681 725 1721 expectetur,
752 1676 909 1716 volentes,
935 1675 1070 1718 vigilan-

318 1730 379 1764 tiae
412 1735 541 1763 nostrae
571 1729 782 1774 providentia,
809 1734 994 1772 opportuna
1018 1738 1070 1761 re-

318 1783 423 1819 media
441 1783 529 1818 hisce
552 1783 794 1817 difficultatibus
814 1782 961 1816 celeriter
979 1782 1070 1815 adhi-

317 1838 407 1872 bere.

362 1891 428 1935 §L
456 1891 541 1925 Motu
565 1890 698 1934 proprio
719 1894 750 1923 et
769 1900 805 1923 ex
832 1895 919 1922 certa
938 1888 1071 1922 scientia

319 1949 510 1988 maturaque
544 1943 775 1978 deliberatione
814 1948 921 1975 nostra
956 1953 992 1974 ac
1032 1942 1070 1974 de

321 1998 516 2042 apostolicae
554 1996 719 2043 potestatis
756 1991 971 2041 plenitudine,
1011 1995 1071 2028 hac

321 2057 428 2085 nostra
448 2057 605 2096 perpetuo
624 2050 761 2084 valitura
780 2050 943 2082 sanctione
964 2048 1073 2081 statui-

322 2117 405 2147 mus,
440 2105 658 2151 praecipimus
676 2110 708 2138 et
731 2103 922 2137 mandamus
946 2108 978 2135 ut
1000 2102 1071 2146 qui-

323 2169 474 2203 cumque,
492 2158 524 2192 in
561 2158 726 2202 quibusvis
746 2156 866 2200 regnis,
888 2155 1071 2200 provinciis,

324 2212 504 2246 civitatibus
536 2218 566 2246 et
590 2213 669 2246 locis
703 2210 880 2250 constituti,
918 2209 1071 2243 kalenda-

324 2267 406 2298 rium
446 2262 650 2300 emendatum
689 2264 889 2310 praedictum
918 2264 1073 2296 hactenus

323 2319 465 2352 nondum
487 2320 656 2353 observare
677 2323 865 2362 coeperunt,
882 2316 961 2349 illud
978 2315 1072 2348 modo

325 2376 352 2403 et
379 2372 515 2405 formula
552 2372 767 2416 infrascripta,
789 2369 919 2404 semotis
951 2367 1074 2402 cunctis

325 2426 583 2459 excusationibus
603 2431 633 2459 et
653 2423 906 2469 impedimentis,
941 2421 1072 2456 omnino

325 2484 460 2519 servent,
486 2479 653 2513 videlicet:
675 2489 748 2512 cum
769 2482 957 2522 pewentum
978 2474 1074 2508 suerit

326 2531 365 2564 ad
385 2531 468 2565 diem
490 2532 646 2565 decimam
676 2530 830 2565 februarii
859 2529 935 2562 anni
972 2528 1075 2561 mille-

327 2583 399 2617 simi
424 2584 671 2628 quingentesimi
693 2583 901 2627 octuagesimi
921 2581 1019 2621 tertii,
1042 2581 1074 2613 in

327 2647 424 2681 quam
445 2637 528 2670 cadit
553 2638 714 2671 dominica
733 2635 1017 2681 quinquagesimae
1028 2645 1075 2668 se-

911 245 1089 272 BL'LLARH'M
1109 245 1260 270 nmmum

1111 299 1254 332 cundum
1270 297 1441 342 antiquum
1457 295 1693 339 kalendarium,
1707 299 1861 338 transitus

1112 351 1216 385 statim
1251 351 1306 385 fiat
1324 351 1363 384 ad
1394 350 1480 384 diem
1498 360 1551 385 XXI
1569 351 1713 385 eiusdem
1740 353 1860 388 mensis

1111 405 1276 445 februarii,
1313 404 1440 438 omissis
1471 405 1584 439 decem
1621 405 1734 440 diebus
1775 406 1861 441 inter

1111 459 1196 492 diem
1235 458 1394 492 decimam
1431 464 1462 492 et
1498 458 1584 492 diem
1621 468 1674 493 xxi
1703 459 1860 494 februarii

1110 512 1298 545 huiusmodi
1318 512 1533 557 interpositis,
1559 522 1643 556 quae
1677 513 1738 546 erit
1765 503 1860 548 'seria

1112 566 1253 599 secunda
1289 570 1360 609 post
1411 564 1607 599 dominicam
1656 566 1860 611 quinquage-

1112 620 1210 652 simae
1234 620 1379 663 (mutata
1414 619 1520 652 littera
1552 619 1738 653 dominicali
1770 621 1794 654 F
1827 621 1860 655 in

1111 673 1158 715 B),
1183 673 1214 705 in
1234 683 1298 716 qua
1318 672 1445 706 dicatur
1463 671 1607 706 officium
1637 677 1669 707 et
1692 673 1788 707 miss'a
1820 674 1860 708 de

1110 725 1142 758 S.
1161 726 1327 759 Valentino
1348 725 1533 770 presbytero
1553 731 1585 759 et
1608 732 1758 771 martyre,
1785 737 1860 762 cum

1111 779 1419 812 commemoratione
1456 778 1504 812 Ss.
1526 779 1668 813 Faustini
1695 785 1727 813 et
1744 780 1861 815 Iovitae

1111 837 1286 876 martyrum
1307 838 1337 865 et
1356 832 1462 866 Sancti
1483 832 1642 866 Simeonis
1661 833 1803 877 episcopi
1830 839 1862 868 et

1110 886 1269 930 martyris
1288 892 1317 919 et
1337 886 1416 920 seria
1429 887 1531 927 tertia,
1552 887 1590 920 de
1601 886 1770 928 Cathedra·,
1784 897 1860 931 pro-

1110 938 1194 971 xima
1214 944 1319 972 autem
1345 939 1423 973 feria
1443 944 1556 983 quarta
1575 939 1637 973 erit
1668 940 1736 974 dies
1767 940 1860 975 Cine-

1110 1002 1196 1032 rum;
1218 998 1313 1036 atque
1333 993 1394 1026 hoc
1413 998 1507 1036 pacto
1534 993 1624 1026 nulla
1642 993 1782 1037 amplius
1800 993 1862 1027 erit

1110 1044 1324 1088 discrepantia
1345 1046 1377 1079 in
1409 1047 1561 1080 festorum
1589 1051 1654 1079 tam
1691 1046 1860 1081 mobilium

1109 1109 1206 1142 quam
1232 1099 1369 1132 fixorum
1387 1099 1615 1133 celebratione.

1153 1152 1168 1195 ἓ
1189 1151 1218 1184 Q,
1241 1153 1371 1193 Verum,
1393 1153 1468 1197 quia
1493 1153 1621 1186 difficile
1654 1153 1738 1187 foret
1764 1164 1858 1198 prae-

1110 1212 1215 1239 sentes
1233 1206 1357 1239 litteras
1383 1206 1422 1239 ad
1455 1206 1602 1239 universa
1621 1206 1787 1240 christiani
1805 1217 1859 1241 or-

1110 1258 1159 1291 bis
1181 1259 1254 1292 loca
1285 1259 1413 1300 deferri,
1433 1260 1581 1293 volumus
1614 1260 1701 1303 quod
1729 1259 1860 1294 illarum

1111 1313 1332 1357 transumptis,
1354 1314 1450 1347 etiam
1475 1313 1650 1357 impressis,
1671 1324 1770 1347 manu
1799 1324 1859 1348 no-

1112 1366 1182 1399 tarii
1203 1367 1324 1411 publici
1356 1367 1555 1411 subscriptis,
1578 1372 1607 1400 et
1627 1366 1732 1411 sigillo
1751 1378 1861 1412 perso-

1110 1430 1169 1453 nae
1190 1419 1222 1452 in
1246 1420 1398 1464 dignitate
1418 1420 1633 1454 ecclesiastica
1667 1421 1860 1455 constitutae

1111 1473 1296 1517 obsignatis,
1325 1475 1436 1507 eadem
1471 1484 1602 1518 prorsus
1621 1473 1798 1508 indubitata
1820 1474 1860 1508 fi-

1111 1527 1166 1560 des
1186 1527 1287 1561 ubivis
1311 1527 1456 1571 gentium
1476 1533 1506 1560 et
1521 1527 1669 1560 locorum
1688 1527 1857 1568 habeatur,

1111 1592 1193 1625 quae
1227 1581 1438 1625 originalibus
1457 1581 1570 1614 litteris
1595 1580 1813 1622 adhiberetur,
1833 1581 1858 1615 si

1113 1635 1215 1667 forent
1235 1635 1393 1668 exhibitae
1412 1635 1460 1668 vel
1480 1640 1636 1668 ostensae.

1155 1688 1268 1721 Datum
1315 1689 1434 1722 Romae
1484 1688 1569 1732 apud
1609 1687 1761 1722 Sanctum
1803 1688 1860 1722 Pe-

1112 1748 1210 1782 trum,
1229 1742 1288 1775 sub
1307 1743 1426 1775 annulo
1446 1742 1626 1782 PiscatoriS,
1652 1741 1705 1775 die
1724 1741 1860 1785 septima

1112 1795 1295 1829 novembris
1331 1805 1494 1836 uotxxxu,
1527 1795 1734 1839 pontificatus
1760 1794 1861 1829 nostri

1112 1859 1196 1882 anno
1216 1859 1257 1882 xi.

1161 1902 1224 1932 Dat.
1245 1902 1292 1932 die
1319 1902 1334 1931 7
1352 1911 1416 1932 nov.
1439 1901 1526 1939 1582,
1546 1900 1649 1942 pontif.
1669 1910 1747 1932 anno
1762 1909 1801 1932 xl.

1405 2009 1573 2043 CXXXVII.

1115 2077 1177 2116 Qui
1189 2076 1367 2120 presbyteri
1379 2075 1464 2118 Reti,
1472 2075 1556 2108 ionis
1570 2078 1599 2108 et
1611 2074 1782 2108 Societalis
1789 2075 1861 2108 Iesu

1156 2131 1283 2162 litteras
1303 2139 1415 2162 sacrae
1425 2128 1713 2162 Poenitentiam'ae
1728 2125 1870 2162 Auo-sto->

1158 2183 1237 2216 licite
1261 2183 1386 2226 aperire
1397 2183 1523 2226 possint
1542 2181 1568 2214 ¹.

1332 2253 1477 2289 Gregorius
1490 2253 1561 2289 Papa
1578 2252 1636 2282 xm

1246 2308 1347 2336 dilecto
1358 2307 1415 2336 filio
1431 2307 1542 2336 Claudio
1567 2306 1730 2343 aquavivae.

1279 2368 1374 2398 praep.
1393 2368 1455 2397 geu.
1475 2360 1624 2390 societatis
1641 2361 1714 2390 lesu.

1158 2424 1280 2469 Exponi
1300 2423 1392 2458 nobis
1419 2434 1525 2468 nuper
1547 2422 1648 2457 iecisti
1666 2422 1753 2466 quod
1784 2421 1861 2457 alias

1114 2478 1275 2521 quondam
1304 2477 1482 2510 tlexander'
1498 2476 1701 2517 Frumentus,
1721 2481 1798 2510 tunc
1816 2475 1862 2509 of-

1115 2531 1179 2564 ficii
1201 2532 1316 2566 Sacrae
1334 2530 1602 2564 Poenitentiariae
1626 2540 1760 2574 regens,
1781 2529 1861 2563 dile-

1154 2600 1162 2626 1
1181 2597 1266 2626 Plura
1286 2598 1321 2626 de
1341 2597 1393 2625 hac
1417 2597 1555 2625 Societate
1571 2596 1664 2625 notavi
1679 2596 1707 2624 in
1725 2595 1804 2624 Pauli
1824 2595 1860 2624 111

1116 2643 1316 2670 constitutione
1327 2649 1427 2675 xxxin,
1439 2641 1579 2676 Reyimiui,
1595 2644 1661 2669 tom.
1673 2646 1712 2674 vi,
1723 2647 1785 2676 pag.
1797 2640 1857 2669 303.
