2059 3228
150 228 202 257 An.
221 228 329 258 01:³77

148 375 268 400 provinciae
293 375 329 396 lli-

149 406 241 431 spauiar.
259 406 328 427 sacul-

147 438 209 456 tutes.

167 1195 276 1220 risiiator.
287 1195 322 1215 ab·

139 1225 203 1247 baius
218 1230 239 1247 el
254 1226 322 1247 celeri

140 1258 208 1278 dictae
234 1258 323 1284 pruvin-

140 1290 186 1310 cine
231 1289 321 1310 subiecit

142 1323 185 1340 sint
200 1320 268 1340 abbati
283 1326 322 1341 seu

140 1351 221 1371 vicario
253 1356 321 1377 gene-

139 1379 178 1408 r'ali
193 1381 285 1404 Ordinis.

390 221 404 255 ¹l
413 220 451 256 Sl(

344 390 481 423 ctionem
503 388 619 420 habeat
638 393 669 420 et
694 392 850 426 exerceat,
881 386 1090 431 ipsoruinspie

343 442 612 476 monasteriorum
633 441 808 474 monachos
829 446 891 474 tam
923 441 953 473 in
986 440 1090 483 eapite

342 504 439 539 quam
461 495 494 527 in
519 494 673 528 membris
691 495 808 535 visitet,
831 494 971 535 corrigat
991 499 1021 526 et
1038 504 1088 526 re-

340 550 466 588 formet,
496 548 581 581 salva
605 559 734 592 semper
760 554 790 581 et
820 553 977 581 reservata
1012 546 1088 579 dicti

339 600 463 635 abbatis
481 612 537 635 seu
556 601 668 635 vicarii
688 601 832 635 eiusdem
852 600 979 634 Ordinis
992 610 1089 643 gene-

338 655 414 687 ralis
426 665 483 698 pro
493 660 639 698 tempore
649 654 823 694 existentis,
839 654 934 687 etiam
951 654 983 686 in
995 663 1088 696 prae-

340 707 454 748 missis,
477 708 656 746 obedentia,
677 707 865 741 auctoritate
886 712 917 740 et
939 706 1086 749 superio-

337 762 447 801 ritate3
469 772 506 794 ac
526 759 674 805 capitulis
695 759 948 805 provincialibus
972 759 1087 791 huius-

337 813 550 856 modipraesit
561 818 592 847 et
603 813 753 846 electioni
765 812 931 852 abbatum,
943 822 1085 855 quorum

337 875 456 899 munus
465 867 560 900 etiam
571 867 729 900 triennale
743 867 814 905 erit,
839 877 895 909 per
912 865 1086 898 monachos

337 919 538 962 singulorum
556 919 825 953 monasteriorum
843 919 1019 958 faciendae,
1035 929 1085 951 as-

336 971 444 1013 sistat,
465 973 526 1006 vel.
542 973 582 1006 ad
602 973 813 1007 assistendum
842 971 993 1005 electioni
1024 972 1085 1004 hu-

337 1025 475 1059 iusmodi
499 1027 598 1060 alium
620 1038 656 1060 ex
676 1027 778 1060 dictae
809 1025 994 1070 provinciae
1015 1036 1085 1058 mo·

336 1077 448 1112 nac’his
468 1080 649 1121 specialiter
668 1081 810 1124 deputet.

381 1132 395 1175 ἓ
415 1131 467 1165 15.
483 1133 667 1166 Praedictus
679 1139 786 1166 autem
799 1132 940 1166 visitator
955 1131 1084 1176 provin-

337 1185 405 1219 ciae
442 1187 670 1230 Hispaniarum
707 1185 893 1218 huiusmodi
911 1213 918 1225 ‚
958 1195 1082 1218 necnon

337 1239 695 1279 monaste1·ia,abbates,
710 1238 860 1271 monachi
882 1244 912 1274 et
928 1248 1084 1281 personae

336 1291 439 1325 dictae
463 1291 647 1336 provinciae
667 1291 895 1336 Hispaniarum
918 1291 1084 1335 praedicto

336 1345 443 1378 abbati
462 1356 519 1378 seu
536 1345 654 1379 vicario
674 1343 815 1388 generali
832 1344 970 1377 universi
991 1344 1084 1377 Ordi-

335 1398 386 1431 nis
409 1399 517 1432 Sancti
542 1399 649 1432 Basilii
670 1398 702 1431 in
721 1398 821 1438 ltalia,
856 1409 913 1441 pro
939 1402 1084 1441 tempore

334 1452 497 1495 eligendo,
536 1451 761 1485 constituendo
795 1452 845 1484 vel
883 1451 1081 1494 deputando,

334 1502 472 1539 subiecti
492 1505 627 1539 existant
647 1511 678 1538 et
696 1505 735 1538 ab
756 1515 794 1537 eo
808 1504 1020 1548 dependeant.
1038 1504 1083 1536 lta

335 1558 372 1591 ut
391 1556 475 1591 idem
495 1558 594 1591 abbas
613 1569 670 1591 seu
689 1557 827 1591 vicarius
847 1556 1004 1599 generalis
1025 1568 1083 1600 pro

336 1617 482 1655 tempore
502 1611 659 1651 existens,
683 1617 746 1644 tam
785 1611 817 1642 in
843 1608 963 1643 dictum
998 1610 1082 1643 eius-

335 1665 408 1698 dem
428 1664 612 1708 provinciae
624 1663 850 1707 Hispaniarum
866 1674 925 1706 pro
939 1669 1083 1707 tempore

335 1714 545 1758 visitatorem,
580 1727 676 1761 quam
709 1716 742 1749 in
776 1717 940 1760 praedicta
968 1722 999 1750 et
1022 1716 1083 1749 alia

336 1770 444 1803 omnia
469 1771 613 1803 eiusdem
634 1769 817 1813 provinciae
838 1775 944 1803 erecta
969 1775 999 1803 et
1019 1770 1082 1803 eri-

335 1824 439 1867 genda
453 1823 658 1863 monasteria,
671 1823 814 1863 abbates,
827 1821 951 1866 priores
965 1828 993 1856 et
1004 1823 1082 1856 alios

335 1877 496 1920 praelatos
508 1887 545 1909 ac
553 1876 726 1909 monachos
736 1882 766 1909 et
778 1887 930 1919 personas
937 1887 995 1919 pro
1005 1882 1084 1909 tem-

337 1940 415 1973 pore
443 1929 623 1970 existentes,
654 1929 783 1972 plenam
808 1934 838 1961 et
862 1929 1081 1961 omnimodam

336 1982 605 2023 iurisdictionem,
624 1982 851 2016 auctoritatem
872 1987 902 2014 et
934 1983 1082 2023 superio-

336 2036 462 2069 ritatem
486 2036 619 2076 habeat;
653 2035 842 2078 dictumque
872 2035 1080 2076 visitatorem,

337 2089 544 2130 monasteria,
566 2089 706 2129 abbates,
726 2089 850 2132 priores
871 2094 899 2121 et
925 2089 1083 2131 praelatos

337 2154 374 2175 ac
396 2143 571 2176 monachos
590 2147 621 2176 et
648 2153 814 2186 personas.
836 2147 901 2174 tam
928 2141 959 2174 in
980 2142 1082 2185 capite
1100 2150 1104 2190 ξ
1124 2151 1180 2173 seu
1206 2139 1380 2173 domorum
1407 2139 1456 2172 del
1486 2139 1613 2172 Tardon
1642 2144 1673 2172 et
1701 2138 1740 2172 de
1762 2137 1868 2172 Galle-

917 225 1095 252 m'LL-tmt'itt
1118 223 1268 250 nouitivmt

390 284 404 325 ξ
427 282 479 315 1-4.
516 281 574 320 Qui
609 289 738 313 omnem
770 276 801 311 in
832 278 1090 322 quibuscumque
1133 288 1216 317 rere,
1240 276 1383 317 otedire;
1407 276 1576 322 illumque,
1604 286 1677 312 cum
1697 278 1736 311 ad
1757 288 1811 312 eos
1829 278 1878 312 vel

209 343 330 366 visitaturis
346 335 546 369 monasteriis
566 333 749 377 praedictae
765 333 947 376 provinciae
963 333 1092 366 iurisdi-
1133 331 1218 364 dicta
1238 330 1433 363 monasteria
1453 330 1620 371 divertere,
1642 341 1698 364 seu
1718 342 1778 375 pro
1802 331 1877 365 visi-

1896 224 1947 255 Αη.
1984 215 2047 254 ,ἔἸ

1132 384 1251 416 tatione
1270 383 1458 417 huiusmodi
1477 389 1532 417 aut
1547 384 1624 417 alias
1635 385 1789 418 accedere
1802 395 1879 418 con-

1130 437 1254 479 tigerit,
1277 437 1457 470 honorifice
1477 442 1508 470 et
1527 437 1666 481 benigne
1685 438 1830 482 recipere
1847 443 1879 472 et

1131 495 1327 533 pertractare
1347 495 1530 524 teneantur.

1174 544 1189 586 ξ
1208 542 1264 577 ¹16.
1284 543 1437 586 idemque
1455 543 1598 577 visitator
1613 544 1798 589 provinciae
1808 544 1879 578 His·
1905 555 1997 579 visa.
2030 572 2032 578 ,

1131 596 1300 639 paniarum
1336 596 1368 628 in
1397 596 1541 629 eiusdem
1570 597 1694 630 abbatis
1718 597 1877 640 generalis
1890 588 1997 640 ζῗὲἧζ
2025 596 2033 606 “’

1129 703 1226 736 rebus
1246 703 1285 736 ad
1310 703 1497 736 universum
1528 703 1679 737 Ordinem
1711 703 1742 737 S.
1765 703 1876 737 Basilii

1128 756 1373 799 pertinentibus
1408 767 1467 800 pro
1495 756 1613 800 quibus
1643 757 1877 801 pertractandis

1128 809 1265 842 aliarum
1286 810 1526 853 provinciarum
1550 809 1729 843 visitatores
1758 815 1789 844 et
1820 821 1875 843 su-

1127 862 1270 905 periores
1290 863 1521 903 evocabuntur,
1544 863 1716 897 convenire
1746 863 1872 897 debeat.
2045 902 2048 911 ,

1171 915 1186 958 ξ
1207 915 1259 948 17.
1286 916 1330 948 Ae
1350 915 1383 948 in
1399 916 1557 949 electione
1577 916 1701 949 abbatis
1715 916 1876 959 generalis
1915 922 1941 944 Et
1955 922 1989 945 hu
2025 939 2027 942 -

1127 968 1313 1001 huiusmodi
1334 968 1417 1002 idem
1435 969 1579 1002 visitator
1598 969 1734 1002 activam
1753 974 1785 1003 et
1801 979 1874 1013 pas·
1888 960 1994 1012 ἓῗᾞωῑ
2028 966 2033 984 '³

1126 1021 1225 1054 sivan]
1244 1031 1355 1055 vocem
1375 1022 1503 1056 habeat.

1170 1075 1184 1118 ξ
1208 1074 1261 1108 18.
1283 1075 1414 1108 Necnon
1434 1075 1538 1109 eidem
1564 1075 1718 1108 visitatori
1744 1080 1777 1109 et
1803 1074 1875 1110 aliis
1913 1079 1947 1117 ¹¹¹,
1977 1104 1992 1118 *v
2028 1070 2047 1087 ¹¹

1127 1128 1159 1160 in
1179 1127 1322 1172 capitulo
1350 1128 1538 1172 provinciali
1568 1129 1783 1172 congregatis,
1807 1134 1873 1162 tam
1887 1117 2001 1170 ἷξὲζῖἒῗ
2027 1135 2047 1168 ’ξύ

1126 1181 1185 1214 hac
1194 1182 1296 1225 primi
1318 1182 1387 1215 vice
1397 1192 1494 1225 quam
1511 1182 1543 1215 in
1555 1187 1723 1226 posterum
1740 1181 1876 1225 singulis
1888 1175 1997 1226 ἓξὲξζ,

1127 1235 1284 1275 trienniis,
1306 1245 1531 1278 quaecumque
1551 1241 1667 1268 statuta
1687 1240 1717 1268 et
1743 1235 1874 1268 ordina·
1887 1235 1973 1257 Ormi*
1997 1244 2003 1257 ‘-
2028 1229 2032 1250 ⁵¹

1126 1288 1240 1328 tiones,
1263 1288 1351 1322 licita
1371 1294 1399 1321 et
1412 1289 1560 1328 honesta,
1582 1288 1681 1322 sacris
1695 1288 1875 1322 canonibus
1887 1270 2003 1319 iiiii?
2030 1281 2032 1298 ¹

1125 1352 1161 1374 ac
1181 1342 1347 1385 praedicto
1368 1341 1505 1374 concilio
1526 1341 1712 1375 Tridentino
1732 1341 1873 1385 dictique
1887 1329 1996 1383 ¹2'„'¹„⁵.1,}¹0⁰²-
2028 1351 2048 1378 22

1125 1394 1252 1427 Ordinis
1275 1394 1479 1438 regularibus
1498 1394 1651 1427 institutis
1675 1403 1712 1427 ac
1742 1402 1875 1438 genera-

1125 1448 1209 1480 libus
1220 1447 1308 1480 illius
1317 1447 1575 1481 ordinationibus
1595 1453 1626 1480 et
1637 1447 1874 1481 constitutioni-

1125 1501 1185 1533 bus
1196 1512 1260 1534 non
1273 1500 1444 1541 contraria,
1460 1501 1633 1541 condendi;
1646 1507 1687 1541 et,
1702 1506 1872 1545 postquam

1126 1555 1256 1588 condita
1276 1554 1404 1595 fuerint,
1429 1553 1484 1587 illa
1503 1554 1537 1587 in
1556 1559 1621 1587 toto
1641 1555 1689 1587 vel
1714 1554 1747 1586 in
1766 1559 1870 1598 parte,

1125 1607 1210 1641 iuxta
1230 1619 1339 1641 rerum
1353 1614 1383 1641 et
1401 1612 1584 1651 temporum
1599 1608 1779 1651 qualitates,
1798 1618 1872 1640 rnu-

1124 1661 1223 1701 tandi,
1247 1661 1456 1701 resormandi;
1478 1661 1596 1703 illaque
1615 1661 1648 1694 in
1667 1665 1734 1694 toto
1759 1661 1809 1694 vel
1837 1660 1872 1693 in

1126 1721 1213 1757 parte
1244 1714 1377 1747 tollendi
1409 1720 1440 1747 et
1468 1714 1656 1757 abrogandi,
1679 1714 1807 1758 aliaque
1831 1710 1872 1747 de

1125 1778 1204 1800 novo
1216 1767 1385 1808 statuendi,
1401 1776 1483 1811 quae
1503 1772 1611 1800 tamen
1630 1767 1669 1800 ab
1689 1767 1804 1800 abbate
1815 1777 1872 1800 seu

1123 1820 1243 1853 vicario
1263 1820 1340 1853 dicti
1359 1819 1487 1854 Ordinis
1517 1820 1660 1864 generali
1681 1825 1723 1860 et,
1745 1820 1778 1853 in
1802 1819 1871 1853 eius

1124 1874 1269 1914 defectu,
1293 1884 1312 1907 a
1338 1873 1369 1906 S.
1396 1873 1434 1907 R.
1463 1873 1498 1906 E.
1533 1872 1690 1907 cardinali
1726 1872 1870 1906 eiusdem

1124 1927 1250 1961 Ordinis
1269 1933 1465 1971 protectore,
1488 1927 1544 1970 qui
1563 1932 1640 1959 tunc
1660 1925 1731 1966 erit,
1751 1936 1870 1970 approa

1124 1980 1192 2014 bari
1212 1980 1361 2020 debeant,
1376 1979 1537 2013 licentiam
1552 1985 1582 2013 et
1594 1979 1777 2012 facultatem
1794 1989 1870 2013 cona

1124 2033 1280 2067 cedimus.

1167 2087 1182 2130 ξ
1204 2086 1258 2119 ¹19.
1281 2086 1428 2119 Ceterum
1448 2085 1594 2129 personis·
1609 2084 1869 2119 eremitoriorum
1910 2097 2002 2127 neg-0„
2031 2086 2049 2117 l*

1884 2133 1973 2190 3:3¹2?
1988 2169 1993 2186 -„

338 2206 434 2238 quam
456 2196 488 2228 iu
508 2195 673 2235 membris,
693 2195 833 2234 visitare,
865 2195 1027 2237 corrigere
1053 2201 1082 2228 et
1101 2196 1104 2236 i
1122 2195 1246 2237 ym'tlos,
1258 2193 1347 2226 sicin
1359 2193 1551 2226 monasteria
1566 2197 1867 2232 erectorum,etea-
1883 2195 1965 2216 ⁵³⁰¹¹0¹¹³
1986 2199 1992 2211 '³‘
2032 2215 2033 2219 ,

338 2249 529 2288 reformare,
552 2248 647 2282 simul
666 2248 715 2281 vel
734 2248 773 2281 ad
798 2252 934 2291 partem,
964 2247 1080 2288 valeat,
1101 2240 1106 2300 Ι
1124 2258 1195 2279 rum
1234 2246 1329 2279 statui
1359 2246 1602 2289 quamprimum
1632 2245 1868 2279 consulendum
1882 2257 1929 2278 iero
1957 2262 1983 2278 vo

339 2301 463 2344 ipsique
485 2302 637 2342 visitator,
650 2302 792 2341 abbates,
807 2300 932 2344 priores
943 2306 974 2333 ct
988 2311 1081 2342 prae-

339 2354 394 2386 lati
415 2365 450 2386 ac
471 2355 619 2388 monachi
644 2360 675 2387 et
696 2364 850 2398 personae
871 2353 955 2386 dicto
976 2354 1081 2386 abbati

339 2417 395 2439 seu
408 2407 526 2440 vicario
545 2408 756 2452 generalipro
774 2412 917 2450 tempore
935 2406 1081 2439 existenti

339 2460 501 2498 tamquam
522 2457 665 2489 membra
678 2455 774 2499 capiti
787 2455 986 2491 subiaceant,
1000 2455 1082 2487 eius-

338 2514 401 2547 que
422 2504 549 2537 monitis
574 2511 604 2537 et
617 2505 788 2544 mandatis,
811 2504 842 2536 in
856 2503 1038 2548 praemissis
1052 2509 1082 2536 et

339 2552 409 2584 aliis
423 2553 584 2593 omnibus,
600 2554 687 2586 omni
701 2564 833 2597 prorsus
852 2552 1077 2596 appellatione,

338 2601 566 2635 reclamatione
588 2608 617 2634 et
644 2613 774 2636 recursu
806 2601 1000 2646 postpositis,
1024 2612 1079 2644 pa-

1883 2225 1903 2246 S.
1919 2225 1992 2247 Basili

1883 2288 1976 2315 recipi-m
1984 2290 1991 2314 ’ζ

1883 2319 1992 2346 monacho

1123 2311 1190 2333 esse
1201 2298 1272 2340 rati,
1292 2299 1417 2333 dilectis
1430 2296 1505 2332 [iliis
1514 2298 1684 2343 praedictis
1701 2298 1732 2331 S.
1750 2298 1867 2331 Mariae

1123 2358 1153 2386 et
1172 2353 1202 2386 S.
1222 2352 1382 2386 Benedicti
1404 2352 1611 2396 llispalensiS‚
1633 2351 1760 2385 Ordinis
1780 2350 1866 2383 eius-

1123 2407 1194 2438 dem
1211 2406 1242 2439 S.
1265 2404 1441 2444 Benedicti,
1455 2405 1676 2438 monasterior.
1696 2403 1868 2438 abbatibus

1123 2465 1180 2497 per
1199 2454 1374 2499 apostolica
1394 2454 1512 2498 scripta
1532 2453 1723 2485 mandamus
1750 2457 1786 2484 ut
1805 2451 1866 2495 ipsi

1123 2503 1169 2535 vel
1190 2503 1386 2535 altereorum
1404 2502 1475 2534 illos
1490 2501 1632 2544 singulos
1647 2501 1679 2533 in
1691 2501 1867 2532 monachos

1123 2551 1194 2583 etin
1205 2552 1318 2584 fratres
1334 2561 1466 2583 suorum
1479 2560 1641 2594 quemque
1657 2548 1866 2582 monasterio-

1123 2611 1193 2633 rum
1215 2601 1263 2633 clel
1281 2600 1405 2633 Tar—don
1427 2606 1457 2633 ct
1474 2600 1512 2632 de
1532 2599 1736 2642 Galleyuillos
1752 2597 1867 2631 admit-
