2059 3228
42 0 154 131 f

61 141 80 159 a·

50 190 115 238 ὣ
124 194 160 235 ΒΓ
170 195 236 236 158'5

66 1184 86 1433 ⁸.:⁴v17=-tg‡‚.‚
68 1117 82 1142 ·:
74 1052 79 1073 -

246 261 302 290 aut
321 266 357 290 ex
377 255 509 290 alterius
521 256 756 301 cuiuscumque
770 267 920 301 persona,
937 268 990 289 seu

245 320 303 355 per
321 310 459 343 similem
479 310 725 354 resignationem
751 311 826 344 dicti
850 310 990 343 'rhomae

243 363 292 396 vel
316 363 456 396 cuiusvis
485 364 616 397 alterius
640 365 678 397 de
709 364 764 397 illa
792 364 823 397 in
848 364 990 397 Romana

242 415 335 450 Curia
354 416 404 450 vel
424 422 510 450 extra
530 427 612 458 eam,
629 418 726 451 etiam
742 428 850 450 coram
863 417 988 450 notario

240 469 371 514 publico
391 476 422 504 et
441 471 574 504 testibus
594 477 705 515 sponte
726 472 851 511 factam,
876 476 989 503 autas-

239 523 436 557 secutionem
458 524 588 557 alterius
608 524 755 557 beneficii
779 524 986 557 ecclesiastici

239 576 350 620 quavis
374 578 563 611 auctoritate
591 577 710 615 collati,
741 583 840 617 vacet,
861 577 984 610 etiamsi

239 633 326 662 tanto
346 635 491 674 tempore
511 631 666 664 vacaverit
685 630 770 674 quod
795 630 864 663 eius
888 631 985 663 colla-

238 681 291 723 tio,
305 682 390 716 iuxta
405 684 625 717 Lateranensis
643 689 758 716 statuta
779 683 918 723 concilii,
945 683 984 716 ad

237 735 351 769 Sedem
365 737 578 780 Apostolicam
591 736 729 779 legitime
741 736 985 780 devoluta‚ipsa-

236 799 300 833 que
321 791 542 834 praepositura
563 791 680 823 mensis
699 790 852 823 februarii
877 790 984 834 dispo·

235 843 341 876 sitioni
374 844 569 888 apostolicae
599 844 780 888 specialiter
817 844 866 877 vel
905 845 983 878 alias

233 897 427 941 generaliter
446 904 604 932 reservata
627 898 749 938 existat,
772 904 803 931 ct
827 909 925 942 super
945 909 981 931 ea

233 949 316 984 inter
330 951 455 994 aliquos
473 951 523 992 lis,
555 951 647 984 cuius
666 957 782 984 statum
802 952 980 995 praesenti-

232 1003 293 1037 bus
317 1005 428 1038 haberi
448 1005 595 1038 volumus
617 1016 674 1048 pro
702 1016 871 1049 expresse,
902 1016 980 1048 pen-

232 1057 304 1091 deat
335 1058 489 1099 indecisa,
516 1059 693 1092 dummodo
721 1058 790 1091 eius
809 1059 979 1102 dispositio

231 1111 269 1144 ad
289 1121 348 1144 nos
366 1111 427 1144 hac
451 1112 520 1145 vice
539 1112 709 1156 pertineat,
737 1112 822 1145 dicta
851 1118 979 1156 aposto-

230 1163 292 1198 lica
310 1164 512 1205 auctoritate,
526 1171 636 1198 tenore
650 1166 880 1209 praesentium,
904 1178 976 1210 per·
997 1203 999 1208 ,

229 1223 327 1261 petuo
357 1219 590 1263 supprimimus
620 1224 651 1252 et
683 1220 917 1263 extinguimus;
939 1232 976 1254 ac

228 1270 315 1305 iltius
334 1280 365 1304 et
391 1272 529 1305 aliarum
549 1283 794 1316 suppressarum
816 1274 977 1318 praeposi-

229 1329 376 1358 turarum
401 1325 639 1370 praedictarum
659 1327 743 1369 loco,
767 1327 799 1360 in
820 1327 904 1361 dicta
923 1339 975 1361 ec-

228 1378 324 1412 clesia
343 1379 511 1412 Valentina
531 1379 642 1413 decem
662 1385 693 1414 et
708 1387 780 1414 octo
791 1381 870 1414 alias
881 1393 975 1425 prae-

227 1432 399 1476 posituras,
432 1443 515 1476 quae
543 1433 661 1467 ibidem
691 1434 848 1478 simplicia
869 1435 975 1469 officia

227 1495 284 1519 seu
303 1486 461 1519 beneficia
476 1487 621 1528 existant,
641 1498 678 1520 ac
697 1488 793 1521 etiam
814 1500 872 1532 per
881 1500 975 1523 cano-

227 1538 318 1572 nicos
341 1539 445 1573 dictae
470 1541 625 1574 ecclesiae
645 1551 702 1574 seu
726 1541 896 1584 dignitates
919 1548 975 1576 aut

227 1593 443 1636 cappellanias
465 1594 512 1626 vel
538 1593 598 1627 alia
628 1594 787 1637 simplicia
817 1596 974 1629 beneficia

226 1645 442 1679 ecclesiastica
456 1646 576 1679 ibidem
591 1647 782 1687 obtinentes,
805 1649 899 1681 etiam
910 1661 974 1682 una

226 1708 299 1731 cum
326 1699 427 1743 ipsius
450 1700 603 1733 ecclesiae
632 1701 816 1734 Valentinae
840 1703 972 1735 canoni-

225 1752 349 1785 catibus
386 1758 417 1785 et
452 1753 643 1797 praebendis
670 1765 727 1788 seu
765 1754 973 1798 dignitatibus

224 1805 272 1837 vel
292 1806 504 1853 cappellaniis
524 1813 579 1839 aut.
598 1807 669 1840 aliis
685 1808 973 1842 beneficiishuius-

225 1858 325 1898 modi,
365 1859 487 1903 absque
519 1861 756 1904 dispensatione
783 1863 969 1906 apostoliea,

225 1911 369 1945 obtinere
388 1913 522 1956 possint,
549 1924 608 1958 pro
622 1914 754 1947 totidem
768 1916 969 1958 praepositis,

225 1974 278 1998 sex
296 1965 443 1999 videlicet
462 1967 636 2010 primariis,
650 1974 679 2000 et
693 1977 745 2001 sex
757 1969 969 2009 secundariis,

218 2025 262 2050 *ac
299 2018 432 2062 reliquis
472 2030 525 2052 sex
550 2020 713 2060 tertiat—iis,
750 2022 973 2055 cathedraticis

226 2072 460 2116 nuncupandis,
480 2073 535 2116 qui
560 2074 705 2107 habitum
727 2080 755 2106 et
771 2075 972 2119 insigniaper

225 2124 302 2157 olim
322 2125 521 2169 praepositos
541 2127 699 2159 mensium
721 2127 905 2160 huiusmodi
918 2129 971 2161 de-

227 2177 301 2211 ferri
321 2179 425 2219 solita,
440 2185 563 2222 gestare
587 2187 617 2213 et
636 2181 772 2216 deferre,
788 2192 824 2214 ac
843 2183 881 2214 ad
900 2182 970 2215 illo-

227 2241 298 2264 rum
310 2231 410 2265 instar
418 2233 547 2265 stallum
559 2233 592 2266 in
605 2234 716 2274 choro,
729 2245 854 2267 necnon
864 2235 934 2268 lot-u
942 2247 970 2267 m

226 2283 258 2317 in
277 2285 537 2328 processionibus
564 2287 742 2330 ceterisque
767 2288 892 2320 actibus
912 2301 970 2332 pu-

226 2337 318 2371 hlicis
337 2344 368 2372 et
387 2339 527 2382 privatis,
543 2341 694 2373 omnibus
713 2347 741 2373 et
759 2341 970 2383 quibuscum-

227 2397 302 2430 que,
344 2398 409 2420 non
439 2394 546 2422 tamen
579 2390 810 2433 capitularibus
824 2417 831 2429 ‚
869 2391 971 2424 dictae

226 2436 380 2470 ecclesiae
403 2437 589 2470 Valentinae
609 2438 792 2471 immediate
808 2445 874 2482 post
888 2439 973 2472 illius

227 2485 399 2519 canonicos
415 2513 423 2526 ‚
461 2486 547 2519 iuxta
583 2487 727 2519 ordinem
771 2488 809 2519 ad
852 2488 882 2520 id
927 2489 973 2521 eis

227 2534 522 2580 praescribendum,
558 2535 696 2572 habere;
736 2546 860 2569 necnon
887 2537 971 2580 apud

227 2581 344 2628 dictam
377 2584 544 2617 ecelesiam
572 2584 769 2618 Valentinani
803 2585 972 2618 residendo

904 205 1006 228 StXTtsss
1030 204 1047 226 V
1072 203 1118 227 ΙΨ.

1673 202 1736 236 613

1034 261 1060 287 et
1092 255 1206 288 divinis
1232 259 1346 293 officiis
1374 259 1606 304 interessendo,
1628 265 1778 299 omnibus

1033 313 1062 341 et
1086 308 1219 352 singulis
1250 312 1529 348 distributionibus
1562 318 1775 361 quotidianis,

1031 366 1094 394 tarn
1111 362 1236 396 diurnis
1256 376 1351 408 quam
1373 369 1549 410 nocturnis,
1572 371 1706 416 aliisque
1730 373 1777 407 iu-

1030 415 1131 456 ribus,
1153 417 1397 453 obventionibus
1418 427 1448 455 et
1471 425 1710 468 emolumentis,
1743 428 1775 461 in

1029 468 1288 514 quibuscumque
1322 474 1416 508 rebus
1449 477 1707 521 consistentibus,
1745 487 1777 515 et

1028 531 1235 565 quocumque
1262 526 1391 560 nomine
1412 531 1605 574 nuncupatis
1625 534 1701 575 (non
1728 541 1774 568 ta-

1028 584 1100 607 men
1121 585 1157 607 ex
1178 577 1348 620 fructibus,
1370 581 1545 616 redditibus
1566 591 1596 618 et
1615 589 1773 630 proventi-

1026 627 1086 660 bus
1118 630 1254 663 aliarum
1286 633 1435 667 undecim
1474 640 1770 682 praepositurarum

1026 680 1220 724 huiusmodi,
1240 687 1422 729 praedictae
1448 701 1575 725 mensae
1603 695 1771 738 capitulari

1025 734 1192 778 applicatis
1201 743 1230 770 et
1242 741 1468 784 appropriatis,
1482 747 1767 792 provenientibus),

1024 798 1149 821 necnon
1170 791 1355 834 privilegiis,
1388 795 1530 837 indultis,
1556 799 1768 843 facultatibus,

1024 841 1212 882 honoribus,
1236 847 1498 890 praeeminentiis,
1526 855 1767 896 praerogativis,

1023 896 1290 939 exemptionibus,
1320 900 1586 945 immunitatibus,
1614 906 1768 941 libertati-

1021 948 1080 981 bus
1100 951 1277 995 ceterisque
1305 955 1427 996 gratiis,
1455 962 1517 990 tam
1548 959 1768 1002 spiritualibus

1021 1013 1115 1045 quam
1154 1008 1402 1049 temporalibus,
1442 1010 1556 1052 quibus
1595 1016 1765 1058 praepositi

1022 1057 1179 1090 mensium
1207 1059 1413 1103 huiusmodi,
1447 1064 1501 1106 qui
1532 1076 1590 1109 pro
1620 1073 1765 1112 tempore

1019 1108 1148 1150 suerint,
1166 1112 1288 1146 ratione
1300 1114 1457 1149 dictarum
1470 1119 1765 1162 praepositurarum

1019 1173 1275 1207 suppoessarum,
1297 1170 1381 1212 apud
1397 1169 1498 1214 ipsam
1520 1173 1687 1208 ecclesiam
1705 1176 1764 1208 Va-

1018 1216 1172 1251 lentinam
1197 1221 1381 1264 residendo,
1404 1230 1434 1257 et
1454 1225 1570 1259 divinis
1581 1227 1696 1261 officiis
1715 1230 1764 1262 in-

1018 1273 1212 1313 teressendo,
1241 1274 1312 1316 frui,
1338 1277 1435 1320 potiri
1465 1285 1493 1312 et
1514 1282 1653 1322 gaudere
1678 1289 1765 1326 pote-

1017 1329 1089 1356 rant.
1108 1330 1139 1357 et
1165 1326 1332 1369 debebant,
1352 1331 1569 1374 pariformiter
1593 1340 1623 1368 et
1646 1336 1764 1380 absque

1016 1378 1081 1411 ulla
1101 1390 1232 1423 prorsus
1244 1382 1434 1425 differentia,
1457 1386 1513 1426 uti,
1529 1388 1623 1431 potiri
1645 1397 1675 1422 et
1689 1401 1765 1433 gau-

1016 1431 1093 1465 dere
1117 1434 1239 1476 possint
1264 1441 1294 1468 et
1322 1437 1471 1472 debeant.
1494 1441 1531 1473 Et
1551 1452 1689 1485 quorum
1711 1455 1763 1477 sex

1016 1485 1049 1517 in
1070 1486 1195 1530 primis,
1221 1494 1251 1521 et
1275 1490 1329 1523 alii
1345 1502 1398 1524 sex
1418 1492 1450 1525 in
1471 1495 1630 1536 secundis,
1651 1507 1687 1530 ac
1712 1508 1762 1531 re-

1015 1539 1093 1582 liqui
1114 1551 1165 1573 sex
1184 1542 1217 1574 in
1237 1544 1339 1576 tertiis
1358 1545 1554 1588 singularum
1576 1549 1760 1583 facultatum

1016 1593 1195 1637 theologiae
1215 1603 1245 1629 et
1270 1598 1440 1641 utriusque
1471 1600 1549 1634 iuris
1572 1604 1760 1646 prudentiae

1015 1647 1199 1681 huiusmodi
1212 1650 1370 1684 cathedris
1392 1653 1436 1685 eis
1456 1654 1494 1686 ad
1515 1655 1544 1687 id
1561 1657 1760 1699 assignandis

1015 1701 1141 1734 easdem
1162 1703 1339 1744 facultates,
1362 1716 1420 1749 pro
1441 1718 1503 1740 una
1523 1709 1667 1743 videlicet
1693 1722 1760 1745 ma—

1014 1754 1134 1795 tutinis,
1155 1756 1253 1789 altera
1273 1768 1346 1790 vero
1367 1760 1590 1795 medietatibus:
1604 1763 1714 1798 decern
1731 1772 1762 1799 et

1015 1813 1086 1840 octo
1116 1810 1371 1853 praepositorum
1399 1813 1596 1855 huiusmodi,
1620 1820 1760 1861 pomeri-

1014 1861 1116 1894 dianis
1144 1863 1244 1905 horis,
1275 1866 1403 1909 publice
1423 1868 1529 1911 legere
1549 1877 1579 1902 et
1604 1871 1761 1916 interpre-

1014 1915 1072 1947 tari
1093 1921 1272 1958 teneantur,
1293 1920 1482 1954 auctoritate
1496 1929 1647 1957 ettenore
1667 1937 1760 1968 prae-

1015 1969 1094 2008 tatis,
1115 1970 1210 2003 etiam
1236 1978 1391 2015 perpetuo
1404 1974 1555 2017 erigimus
1572 1982 1601 2009 et
1621 1978 1758 2012 institui-

1015 2035 1094 2056 mus.
1118 2024 1245 2067 lllisque
1265 2026 1309 2058 sic
1330 2027 1442 2060 erectis
1464 2034 1493 2060 et
1513 2028 1677 2071 institutis,
1700 2043 1759 2076 pro

1014 2088 1123 2130 earum
1141 2077 1213 2110 dote
1235 2089 1271 2111 ac
1291 2079 1361 2111 illas
1381 2091 1438 2123 pro
1459 2086 1602 2125 tempore
1614 2084 1759 2118 obtinen-

1014 2130 1089 2161 tium
1112 2131 1376 2172 substentatione,
1399 2134 1682 2178 omniaetsingula
1694 2139 1759 2171 fru-

1013 2189 1094 2224 etus,
1116 2184 1271 2222 redditus,
1294 2193 1478 2228 proventus,
1501 2188 1757 2228 iura‚obrentio-

1014 2247 1069 2269 ues
1088 2241 1117 2268 et
1137 2238 1352 2270 emolumenta
1378 2250 1566 2283 suppressae
1594 2245 1757 2288 praeposi-

1014 2295 1101 2321 turae
1132 2290 1247 2328 mensis
1282 2291 1435 2324 sebruarii
1470 2293 1668 2333 huiusmodi,
1700 2309 1758 2342 per

1013 2342 1143 2374 dilectos
1174 2343 1256 2376 filios
1280 2345 1455 2387 capitulum
1476 2346 1578 2380 dictae
1603 2351 1757 2383 ecclesiae

1013 2390 1196 2424 Valentinae
1216 2392 1298 2425 inter
1312 2394 1510 2437 praepositos
1526 2396 1758 2432 cathedraticos

1015 2440 1173 2481 praefatos
1205 2443 1425 2475 tantummodo
1456 2449 1487 2476 et
1525 2445 1627 2478 soi-ma
1659 2447 1758 2480 infra-

1013 2489 1138 2532 scriptis
1166 2489 1385 2523 disttibuenda
1405 2498 1435 2524 et
1461 2494 1676 2537 repartienda,
1699 2497 1759 2530 eis-

1013 2537 1084 2569 dem
1115 2539 1303 2572 auctoritate
1324 2546 1352 2572 et
1375 2546 1496 2583 tenore,
1520 2542 1668 2578 similiter
1689 2557 1759 2589 per-

1015 2593 1111 2629 petuo
1127 2587 1326 2631 applicamus
1346 2595 1372 2622 et
1386 2591 1759 2635 app1·0priamus.Qu0d-·

1793 211 1846 238 An.
1861 210 1891 239 C.
1910 211 1978 241 1585
