2059 3228
137 211 169 232 n.
188 206 217 235 C.
237 207 305 235 1584

116 1118 249 1145 Religionum
258 1125 300 1141 om-

115 1152 173 1171 nium
183 1154 204 1171 et
213 1153 300 1178 signan-

116 1184 150 1202 ter
185 1181 300 1204 Societatis

115 1211 166 1233 lesu
205 1213 298 1235 ministe-

115 1244 204 1264 sterium
216 1245 300 1266 christi-

116 1274 214 1296 fidelibus
238 1276 299 1299 valde

114 1307 211 1334 prodest.

147 2521 228 2544 Ordine
247 2527 260 2543 a
275 2522 308 2543 tu-

122 2554 250 2607 ziiffisreiffig
271 2559 307 2606 g·
321 2553 603 2590 quorumcumque
626 2546 887 2582 *ordinariorum
923 2545 1069 2581 iurisdic-

125 2621 204 2645 empto.

368 199 431 233 458

323 268 370 294 est
392 261 422 294 in
445 261 538 302 mari;
560 262 628 306 ipse
649 267 755 295 autem
776 261 1072 306 adiscipulisroga-

323 320 375 347 tus
394 315 683 359 ventisimperavit,
706 322 735 348 et
755 316 839 350 facta
859 321 905 350 est
917 315 1073 359 tranquil-

321 366 404 408 litas,
427 378 524 411 quam
545 378 616 409 nos,
638 368 671 402 in
695 369 780 403 Petri
799 369 947 403 navicula
971 369 1072 403 collo-

321 419 392 460 cati‚
407 420 594 454 turbinibus
603 422 1072 464 excitatis‚abe0demDomino

319 473 457 507 assiduis
474 475 648 518 ‘precibus
679 477 888 520 postulantes,
925 483 1069 511 nostram

319 525 441 560 interea
461 537 594 571 operam
615 535 647 563 et
663 529 809 565 laborem
829 531 861 564 in
886 530 1071 574 frangendis

317 580 506 622 procellosis
525 582 678 617 fluctibus
696 584 886 629 impendere
905 595 970 618 non
991 584 1072 618 desi-

317 632 442 675 stimus,
476 645 617 680 cumque
648 637 727 671 tanti
757 638 877 672 laboris
910 637 1014 672 socios
1039 643 1071 671 et

317 685 438 720 validos
458 688 597 732 remiges
617 690 723 725 divina
747 691 841 725 nobis
869 691 1071 736 providentia

315 742 566 784 praeparaverit,
578 753 691 777 eorum
706 755 806 789 opera
826 745 859 778 in
877 745 1070 789 superandis

315 792 484 828 saevientis
503 796 609 840 pelagi
628 798 874 843 tempestatibus
892 809 950 832 nos
971 798 1070 832 maxi-

315 856 368 880 me
387 847 542 890 sublevat,
563 850 618 894 qui
642 862 702 895 pro
723 852 889 886 communi
909 851 1069 885 fluctuan-

316 898 397 933 tium
422 901 607 937 animarum
627 904 730 939 salute
749 905 881 950 propria
897 905 1068 938 commoda

314 952 396 986 nihil
415 955 574 998 pendunt,
591 968 691 1002 seque
711 958 749 992 ad
763 958 872 992 omnia
882 958 1068 992 discrimina

315 1014 491 1052 exponunt.

358 1061 374 1105 ἓ
398 1061 430 1096 1.
468 1062 504 1096 In
523 1074 588 1107 quo
609 1075 684 1098 cum
704 1065 840 1099 aliarum
862 1065 1067 1109 Religionum

314 1115 1068 1163 studia,tumSocietatislesuassiduusproChri-

313 1173 363 1202 sto
378 1169 480 1212 labor,
507 1181 635 1205 necnon
654 1183 758 1216 usque
778 1173 818 1206 ad
838 1173 936 1206 finem
956 1184 1066 1217 perse-

314 1223 459 1257 verantia
477 1231 665 1269 promptam
687 1237 719 1260 se
746 1227 898 1267 ostendit;
925 1238 1067 1271 cumque

314 1277 440 1320 prolem
461 1278 641 1313 catholicae
661 1279 811 1323 religioni
842 1281 936 1314 valde
967 1280 1067 1325 profi-

315 1339 423 1370 cuam,
445 1336 476 1364 et
495 1331 536 1365 ad
561 1332 671 1366 omnia
690 1332 837 1377 pericula
851 1344 910 1377 pro
935 1334 1065 1367 univer-

314 1382 373 1416 sali
393 1383 537 1418 Ecclesia
553 1386 723 1420 subeunda
746 1392 891 1432 paratam
912 1398 1066 1431 procrea—

314 1436 406 1478 verit,
429 1437 525 1471 aliam
545 1444 642 1483 atque
661 1440 758 1474 aliam
778 1451 795 1474 a
810 1440 915 1484 prima
929 1452 994 1474 non
1015 1441 1064 1475 de-

314 1500 477 1533 generem,
493 1497 676 1536 praestante
695 1494 798 1537 gratia
825 1493 899 1535 Dei,
925 1495 1067 1538 quotidit¹

315 1543 490 1586 substituit,
524 1551 561 1579 ut
579 1546 675 1580 nobis
709 1557 822 1580 eorum
846 1547 980 1589 alumni,
1010 1559 1069 1592 per

313 1597 515 1641 *multiplices
552 1599 785 1643 probationum
817 1601 936 1644 gradus
973 1601 1068 1635 altius

314 1652 471 1694 provecti,
483 1660 747 1697 semperpraesto
757 1654 920 1699 sint,quos
928 1654 961 1688 in
972 1656 1068 1689 rebus

315 1703 427 1738 arduis
460 1706 675 1750 suscipiendis
699 1707 882 1741 fructuosos
902 1709 1068 1752 operario>

315 1756 543 1801 adsciscamus;
554 1770 609 1794 eos
617 1766 736 1802 autem,
745 1767 780 1794 ut
788 1761 964 1796 firmiorem
976 1764 1068 1797 nobis

316 1821 411 1856 opem
423 1812 463 1846 ad
475 1813 642 1857 praedicta
661 1826 778 1849 navare
785 1817 918 1860 possint,
929 1817 968 1850 ab
981 1820 1066 1851 omni

316 1875 383 1899 non
402 1867 500 1900 modo
533 1867 664 1910 iniuria,
696 1869 751 1903 sed
784 1870 881 1904 etiarn
907 1872 1067 1906 calumnia

316 1919 486 1954 studemus
505 1920 643 1956 intactos
660 1933 861 1957 conservare.
885 1923 975 1963 Quod
997 1931 1030 1958 ut
1052 1937 1068 1959 a

315 1974 410 2008 nohis
429 1975 600 2018 efficiatur,
614 1976 715 2020 ipsius
728 1977 886 2018 instituta,
902 1983 1066 2022 tamquam

317 2026 527 2062 fundamenta
547 2029 617 2063 eius
636 2029 790 2074 praesidii
824 2031 909 2074 quod
936 2032 1068 2065 catholi-

317 2090 373 2113 cae
393 2081 544 2125 religioni
572 2082 777 2127 impendunt,
808 2083 942 2117 immota
972 2090 1068 2128 atque

317 2132 520 2177 inconcussa,
549 2135 687 2170 aliorum
719 2136 816 2170 etiam
847 2137 1067 2170 Romanorum

316 2185 512 2222 Pontificum
528 2190 689 2234 exemplo,
712 2189 868 2224 debemus
891 2190 1068 2234 apostolica

317 2241 510 2276 auctoritate
529 2242 626 2276 tueri.

361 2294 376 2337 ἓ
396 2294 427 2328 2.
443 2295 587 2335 Quorum
597 2296 699 2330 felicis
706 2296 939 2331 recordationis
950 2297 1069 2334 Paulus

147 2347 357 2393 cfflnmgffiaslll
388 2354 419 2382 et
450 2350 552 2384 Iulius
582 2350 678 2384 etiam
699 2351 738 2384 III
768 2350 1012 2385 constitutiones
1038 2357 1068 2384 et

120 2401 244 2462 mmm
266 2409 305 2429 ap·
319 2396 480 2432 laudabile
495 2399 777 2434 dictacSocietatis
792 2399 974 2434 institutum
993 2410 1069 2434 con-

320 2444 503 2481 firmarunt.

365 2494 380 2538 ‘g'
403 2493 434 2528 3.
457 2496 640 2541 Paulusque
650 2496 733 2530 idem
742 2508 811 2531 eam
823 2496 924 2541 ipsam
933 2496 973 2530 ab
982 2496 1069 2530 omni

323 2596 408 2633 tione
428 2598 563 2642 exemit„

919 207 1100 233 BULLABIUM
1115 206 1266 232 ROMANUM

1875 203 1931 238 An,
1976 232 1983 243 ⁴

1157 259 1219 303 gli.
1241 259 1310 299 Quo
1326 258 1473 293 instituto
1492 270 1551 304 per
1564 258 1700 293 Paulum
1709 263 1861 302 quartum
1902 250 1954 306 rifi
1971 266 1998 300 3?
2010 259 2021 288 -Ῑ

1112 313 1307 354 examinato,
1329 319 1360 346 et
1379 324 1397 346 a
1418 313 1537 358 synodo
1561 312 1747 346 Tridentina
1771 323 1862 346 com·
1876 299 1968 354 ἓξξ,”
2012 316 2016 319 ’

1112 366 1275 408 mendato,
1297 365 1373 400 Pius
1391 366 1534 409 quintus,
1544 365 1619 399 item
1636 366 1863 410 praedecessor

1112 426 1232 461 noster,
1267 419 1460 454 Societatem
1481 419 1584 463 ipsam
1611 419 1763 454 Ordinem
1794 430 1862 454 esse

1111 473 1344 508 Mendicantem
1364 474 1549 508 declaravit.

1155 527 1169 571 g
1189 527 1220 560 5.
1243 527 1330 567 Quae
1351 527 1460 562 omnia
1479 538 1545 561 non
1565 526 1727 561 immerito
1752 527 1793 560 ab
1816 526 1863 561 eis
1890 534 1956 558 nuin-
1981 547 2007 562 ,1

1110 586 1185 614 sunt
1197 591 1349 614 concessa
1366 581 1407 614 ob
1427 580 1571 624 egregias
1586 579 1721 614 virtutes
1734 585 1766 613 et
1778 580 1863 613 dona
1877 567 1957 620 22⁵1ssss
1967 580 2036 701 Ξ

2020 467 2022 486 t

1970 387 1998 540 ›an-mi»
1975 338 1992 349 ὲ·

1109 634 1260 668 Societati
1270 634 1452 668 antedictae
1460 634 1612 667 divinitus
1621 632 1864 677 elargita,cuius
1877 628 1972 690 iffi&
2012 672 2013 679 ἵ

1103 688 1308 732 ‘praecipuus
1327 688 1401 721 finis
1426 687 1604 722 catholic-ae
1626 692 1673 720 cst
1697 686 1865 730 religionis
1878 691 1966 714 unioni·
1980 689 2011 719 ζει

1111 741 1254 775 defensio
1275 753 1312 775 ac
1332 741 1535 787 propagatio,
1557 741 1806 785 animarumque
1830 740 1863 773 in
1878 724 1912 744 tur
1925 728 1952 751 q..
1975 718 1997 763 '‘s-

1109 795 1286 829 christiana
1305 795 1370 828 vita
1390 801 1421 829 et
1435 795 1583 829 doctrina
1606 794 1865 839 profectus:gra-

1110 849 1173 882 tiae
1195 859 1327 893 quoque
1338 849 1407 883 eius
1423 848 1600 882 vocationis
1612 853 1660 882 est
1678 847 1862 893 proprium,

1107 902 1234 936 diversa
1259 901 1346 936 orbis
1366 908 1529 936 terrarum
1548 902 1632 943 loca,
1665 913 1702 935 ex
1726 901 1863 936 Romani

1107 955 1274 989 Pontificis
1287 966 1344 990 seu
1357 955 1534 1001 praepositi
1549 955 1708 999 generalis
1716 955 1862 989 eiusdem

1108 1009 1279 1043 Societatis
1298 1009 1486 1050 directione,
1501 1020 1688 1054 peragrare,
1700 1009 1863 1055 vitamque

1106 1072 1141 1104 jn
1163 1063 1275 1107 quavis
1290 1062 1404 1097 mundi
1425 1069 1515 1107 parte
1535 1074 1643 1106 agere,
1667 1063 1723 1097 ubi
1743 1063 1864 1098 salvan-

1107 1117 1223 1150 darum
1259 1128 1317 1151 sua
1348 1127 1448 1161 opera
1481 1117 1663 1150 animarum
1700 1117 1865 1162 copiosior

1105 1176 1280 1215 proventus
1311 1171 1351 1204 ad
1370 1171 1427 1204 Dei
1460 1170 1596 1214 gloriam
1629 1176 1788 1215 speratur.
1815 1173 1862 1206 Ad

1106 1235 1201 1269 quem
1219 1225 1318 1258 finem
1335 1224 1476 1268 Spiritus
1495 1224 1643 1265 Sanctus,
1666 1225 1770 1258 bonae
1790 1236 1860 1260 me·

1106 1278 1228 1312 moriae
1251 1278 1368 1322 Ignatii
1388 1278 1535 1322 Loyolae,
1561 1277 1730 1312 Societatis
1756 1279 1859 1323 ipsius

1106 1331 1296 1373 institutori,
1331 1331 1464 1376 eiusque
1489 1331 1650 1365 sociorum
1672 1332 1855 1374 excitatori,
1974 1366 1982 1379 ⁸,

1105 1386 1212 1419 media
1229 1396 1360 1430 quoque
1380 1385 1659 1430 praedicationum
1685 1396 1724 1419 ac
1747 1386 1857 1420 cuius·
1979 1363 2007 1446 ξ

1107 1450 1247 1484 cumque
1267 1439 1439 1473 ministerii
1451 1438 1539 1472 verbi
1549 1438 1605 1472 Dei
1625 1438 1858 1483 doctrinaeque

1107 1492 1300 1526 christianae
1320 1497 1351 1526 et
1370 1491 1588 1537 spiritualium
1615 1491 1856 1533 exercitiorum,

1107 1546 1245 1580 aliorum
1265 1547 1342 1580 item
1363 1546 1504 1580 caritatis
1524 1556 1661 1590 operum
1690 1551 1722 1579 et
1748 1556 1857 1579 sacra-

1106 1605 1291 1634 mentorum
1306 1599 1603 1640 administrationis,
1623 1610 1661 1633 ac
1680 1598 1858 1644 praecipue

1106 1654 1326 1688 Poenitentiae
1357 1659 1388 1687 et
1413 1652 1646 1694 Eucharistiae,
1673 1652 1858 1697 horumque

1107 1707 1334 1752 frequentioris
1341 1718 1419 1741 usus
1434 1706 1699 1741 accommodavit.
1717 1706 1765 1740 Ad
1775 1717 1858 1750 quae

1107 1761 1305 1795 sufficienter
1324 1767 1356 1795 et
1380 1772 1439 1806 pro
1467 1760 1624 1804 dignitate
1648 1760 1854 1805 praestanda,

1107 1815 1313 1849 difficultates
1332 1815 1542 1859 superandas,
1556 1813 1767 1858 periculaque
1777 1813 1854 1847 ade-

1107 1869 1206 1910 unda,
1228 1869 1347 1912 quibus
1376 1868 1480 1902 dictae
1504 1867 1671 1902 Societatis
1698 1866 1854 1910 religiosi,

1107 1922 1140 1955 in
1159 1922 1348 1956 huiusmodi
1372 1921 1628 1956 discursionibus
1651 1925 1683 1955 et
1714 1919 1858 1955 ministe-

1107 1976 1163 2009 riis
1178 1981 1397 2019 exponuntur,
1419 1985 1551 2009 necesse
1571 1980 1619 2008 est
1638 1979 1675 2008 ut
1693 1973 1754 2019 ipsi
1780 1973 1857 2008 talia

1107 2029 1227 2063 obituri
1247 2040 1364 2073 magno
1387 2029 1513 2062 virtutis
1531 2034 1563 2062 et
1575 2026 1755 2062 devotionis
1764 2037 1858 2072 prae-

1107 2083 1189 2117 sidio
1205 2083 1404 2125 muniantur,
1427 2083 1515 2127 quod
1534 2081 1598 2115 illis
1617 2081 1721 2125 gratia
1739 2080 1773 2114 in
1790 2080 1857 2125 pri-

1108 2136 1168 2170 mis
1184 2136 1414 2182 omnipotentis
1433 2136 1504 2177 Dei,
1527 2135 1688 2179 simulque
1706 2133 1856 2169 educatio

1107 2189 1290 2234 ipsa,longa
1301 2190 1379 2223 item
1399 2189 1432 2223 in
1439 2189 1596 2224 Societate
1604 2187 1766 2233 probatio,
1780 2198 1858 2222 nec-

1107 2255 1173 2277 non
1192 2244 1380 2288 rcgularum
1401 2249 1431 2277 et
1457 2242 1722 2277 constitutionum
1743 2241 1856 2278 obser·

1107 2299 1214 2331 rantia
1236 2302 1400 2342 praestare
1423 2301 1614 2331 noscuntur.
2034 2338 2037 2339 ⁷

1151 2352 1166 2395 ξ,
1186 2351 1217 2385 6.
1240 2351 1362 2391 Quibus
1377 2348 1673 2388 constitutionibus,
1693 2353 1730 2382 ut
1748 2353 1854 2382 tantae
1882 2348 1968 2385 ,¹¹⁰'ffl1

1108 2408 1230 2447 ponant
1248 2401 1432 2434 rudimenta
1442 2399 1580 2439 virtutis,
1601 2398 1640 2431 ad
1651 2408 1748 2442 quam
1763 2397 1855 2430 alun-
1865 2381 1976 2440 Ξὲξξὶἕὴε

1110 2458 1172 2493 tur,
1195 2455 1348 2484 statutum
1370 2455 1417 2483 est
1435 2454 1471 2482 ut
1494 2446 1605 2481 novitii
1637 2447 1670 2479 in
1699 2444 2037 2500 δοοίοωῑοξξηῑιῑξῐξῑῑ·

1109 2499 1239 2534 hiennio
1249 2500 1441 2544 probentur3
1456 2507 1521 2542 quo
1533 2495 1701 2540 expleto,si
1711 2493 1771 2539 ipsi
1781 2504 1855 2537 per·
1865 2484 1999 2545 iiiiii?
2034 2500 2037 2534 .'

1109 2559 1254 2584 severare
1270 2549 1443 2589 voluerint,
1466 2553 1496 2581 et
1515 2544 1666 2580 Societati
1695 2541 1793 2577 suerit
1811 2543 1853 2577 ab

1109 2600 1154 2634 eis
1167 2597 1363 2633 satisfactum
1375 2595 1541 2643 (quoniam
1558 2592 1777 2637 Societasipsa
1787 2602 1853 2627 non
1983 2571 2004 2626 31
2034 2576 2038 2618 Ῑ
