<?xml version="1.0" encoding="UTF-8"?>
<!DOCTYPE html PUBLIC "-//W3C//DTD XHTML 1.0 Transitional//EN"
    "http://www.w3.org/TR/xhtml1/DTD/xhtml1-transitional.dtd">
<html xmlns="http://www.w3.org/1999/xhtml" xml:lang="en" lang="en">
 <head>
  <title>
</title>
<meta http-equiv="Content-Type" content="text/html;charset=utf-8" />
  <meta name='ocr-system' content='tesseract 3.04.00' />
  <meta name='ocr-capabilities' content='ocr_page ocr_carea ocr_par ocr_line ocrx_word'/>
</head>
<body>
  <div class='ocr_page' id='page_1' title='image "./bullarumdiplomat08cath_0666.png"; bbox 0 0 2059 3228; ppageno 0'>
   <div class='ocr_carea' id='block_1_1' title="bbox 114 246 295 277">
    <p class='ocr_par' dir='ltr' id='par_1_1' title="bbox 114 246 295 277">
     <span class='ocr_line' id='line_1_1' title="bbox 114 246 295 277; baseline 0.017 -3"><span class='ocrx_word' id='word_1_1' title='bbox 114 246 166 274; x_wconf 80' lang='lat' dir='ltr'>An.</span> <span class='ocrx_word' id='word_1_2' title='bbox 180 246 208 275; x_wconf 89' lang='lat' dir='ltr'>C.</span> <span class='ocrx_word' id='word_1_3' title='bbox 229 250 295 277; x_wconf 75' lang='lat'>1586</span> 
     </span>
    </p>
   </div>
   <div class='ocr_carea' id='block_1_2' title="bbox 93 2223 276 2307">
    <p class='ocr_par' dir='ltr' id='par_1_2' title="bbox 93 2223 276 2307">
     <span class='ocr_line' id='line_1_2' title="bbox 163 2223 275 2252; baseline 0 -7"><span class='ocrx_word' id='word_1_4' title='bbox 163 2223 275 2252; x_wconf 69' lang='lat' dir='ltr'>Ubi-osque</span> 
     </span>
     <span class='ocr_line' id='line_1_3' title="bbox 93 2255 276 2277; baseline -0.005 0"><span class='ocrx_word' id='word_1_5' title='bbox 93 2255 166 2277; x_wconf 67' lang='lat' dir='ltr'>&#39;hurum</span> <span class='ocrx_word' id='word_1_6' title='bbox 204 2260 276 2276; x_wconf 40' lang='lat' dir='ltr'>,iritum</span> 
     </span>
     <span class='ocr_line' id='line_1_4' title="bbox 94 2286 262 2307; baseline 0.006 -1"><span class='ocrx_word' id='word_1_7' title='bbox 94 2286 184 2306; x_wconf 74' lang='lat' dir='ltr'>sennen</span> <span class='ocrx_word' id='word_1_8' title='bbox 200 2289 262 2307; x_wconf 80' lang='lat' dir='ltr'>vetat.</span> 
     </span>
    </p>
   </div>
   <div class='ocr_carea' id='block_1_3' title="bbox 289 240 1053 2374">
    <p class='ocr_par' dir='ltr' id='par_1_3' title="bbox 289 240 1053 2149">
     <span class='ocr_line' id='line_1_5' title="bbox 353 240 414 273; baseline 0.049 -3"><span class='ocrx_word' id='word_1_9' title='bbox 353 240 414 273; x_wconf 67' lang='lat'>(330</span> 
     </span>
     <span class='ocr_line' id='line_1_6' title="bbox 309 298 1052 345; baseline -0.004 -12"><span class='ocrx_word' id='word_1_10' title='bbox 309 302 385 345; x_wconf 89' lang='lat' dir='ltr'>pulo</span> <span class='ocrx_word' id='word_1_11' title='bbox 414 300 527 333; x_wconf 88' lang='lat' dir='ltr'>merito</span> <span class='ocrx_word' id='word_1_12' title='bbox 547 299 608 331; x_wconf 63' lang='lat' dir='ltr'>dit-i</span> <span class='ocrx_word' id='word_1_13' title='bbox 630 299 727 342; x_wconf 79' lang='lat' dir='ltr'>possit</span> <span class='ocrx_word' id='word_1_14' title='bbox 748 298 835 342; x_wconf 91' lang='lat' dir='ltr'>quod</span> <span class='ocrx_word' id='word_1_15' title='bbox 860 298 900 332; x_wconf 89' lang='lat' dir='ltr'>de</span> <span class='ocrx_word' id='word_1_16' title='bbox 919 299 1052 341; x_wconf 87' lang='lat' dir='ltr'>antiquo</span> 
     </span>
     <span class='ocr_line' id='line_1_7' title="bbox 307 352 1053 396; baseline -0.004 -10"><span class='ocrx_word' id='word_1_17' title='bbox 307 353 359 386; x_wconf 90' lang='lat' dir='ltr'>Dei</span> <span class='ocrx_word' id='word_1_18' title='bbox 382 353 502 396; x_wconf 85' lang='lat' dir='ltr'>populo</span> <span class='ocrx_word' id='word_1_19' title='bbox 522 352 677 395; x_wconf 85' lang='lat' dir='ltr'>scriptum</span> <span class='ocrx_word' id='word_1_20' title='bbox 695 356 763 391; x_wconf 85' lang='lat' dir='ltr'>est,</span> <span class='ocrx_word' id='word_1_21' title='bbox 789 352 860 384; x_wconf 78' lang='lat' dir='ltr'>Non</span> <span class='ocrx_word' id='word_1_22' title='bbox 889 356 934 384; x_wconf 78' lang='lat' dir='ltr'>est</span> <span class='ocrx_word' id='word_1_23' title='bbox 955 361 1053 394; x_wconf 62' lang='lat' dir='ltr'>‹litqu-</span> 
     </span>
     <span class='ocr_line' id='line_1_8' title="bbox 307 405 1049 449; baseline -0.004 -10"><span class='ocrx_word' id='word_1_24' title='bbox 307 409 390 440; x_wconf 75' lang='lat' dir='ltr'>rz&#39;um</span> <span class='ocrx_word' id='word_1_25' title='bbox 411 408 445 439; x_wconf 73' lang='lat' dir='ltr'>in</span> <span class='ocrx_word' id='word_1_26' title='bbox 465 406 682 449; x_wconf 71' lang='lat' dir='ltr'>Iac0z1‚neque</span> <span class='ocrx_word' id='word_1_27' title='bbox 701 406 861 438; x_wconf 74' lang='lat' dir='ltr'>divinatio</span> <span class='ocrx_word' id='word_1_28' title='bbox 882 406 917 438; x_wconf 81' lang='lat' dir='ltr'>in</span> <span class='ocrx_word' id='word_1_29' title='bbox 937 405 1049 443; x_wconf 74' lang='lat' dir='ltr'>Israel,</span> 
     </span>
     <span class='ocr_line' id='line_1_9' title="bbox 306 458 1051 504; baseline -0.005 -11"><span class='ocrx_word' id='word_1_30' title='bbox 306 462 364 493; x_wconf 85' lang='lat' dir='ltr'>hac</span> <span class='ocrx_word' id='word_1_31' title='bbox 391 465 548 504; x_wconf 81' lang='lat' dir='ltr'>perpetuo</span> <span class='ocrx_word' id='word_1_32' title='bbox 569 459 704 492; x_wconf 82' lang='lat' dir='ltr'>valitura</span> <span class='ocrx_word' id='word_1_33' title='bbox 728 458 1051 500; x_wconf 86' lang='lat' dir='ltr'>constitutionc,apo-</span> 
     </span>
     <span class='ocr_line' id='line_1_10' title="bbox 304 512 1050 553; baseline -0.003 -7"><span class='ocrx_word' id='word_1_34' title='bbox 304 514 415 547; x_wconf 89' lang='lat' dir='ltr'>stolica</span> <span class='ocrx_word' id='word_1_35' title='bbox 446 512 648 553; x_wconf 86' lang='lat' dir='ltr'>auctoritate,</span> <span class='ocrx_word' id='word_1_36' title='bbox 679 513 847 545; x_wconf 71' lang='lat' dir='ltr'>statuimus</span> <span class='ocrx_word' id='word_1_37' title='bbox 868 515 898 545; x_wconf 87' lang='lat' dir='ltr'>et</span> <span class='ocrx_word' id='word_1_38' title='bbox 918 512 1050 544; x_wconf 83' lang='lat' dir='ltr'>manda-</span> 
     </span>
     <span class='ocr_line' id='line_1_11' title="bbox 305 565 1050 609; baseline -0.004 -10"><span class='ocrx_word' id='word_1_39' title='bbox 305 578 375 600; x_wconf 87' lang='lat' dir='ltr'>mus</span> <span class='ocrx_word' id='word_1_40' title='bbox 396 572 430 600; x_wconf 86' lang='lat' dir='ltr'>ut</span> <span class='ocrx_word' id='word_1_41' title='bbox 450 572 513 599; x_wconf 91' lang='lat' dir='ltr'>tam</span> <span class='ocrx_word' id='word_1_42' title='bbox 534 573 645 599; x_wconf 88' lang='lat' dir='ltr'>contra</span> <span class='ocrx_word' id='word_1_43' title='bbox 664 566 852 609; x_wconf 84' lang='lat' dir='ltr'>astrologos,</span> <span class='ocrx_word' id='word_1_44' title='bbox 875 565 1050 598; x_wconf 88' lang='lat' dir='ltr'>mathema-</span> 
     </span>
     <span class='ocr_line' id='line_1_12' title="bbox 304 618 1049 663; baseline -0.004 -10"><span class='ocrx_word' id='word_1_45' title='bbox 304 621 383 653; x_wconf 85' lang='lat' dir='ltr'>ticos</span> <span class='ocrx_word' id='word_1_46' title='bbox 404 626 434 653; x_wconf 90' lang='lat' dir='ltr'>et</span> <span class='ocrx_word' id='word_1_47' title='bbox 454 620 533 653; x_wconf 86' lang='lat' dir='ltr'>alios</span> <span class='ocrx_word' id='word_1_48' title='bbox 545 630 767 663; x_wconf 84' lang='lat' dir='ltr'>quoscumque</span> <span class='ocrx_word' id='word_1_49' title='bbox 788 618 891 652; x_wconf 85' lang='lat' dir='ltr'>dic-tae</span> <span class='ocrx_word' id='word_1_50' title='bbox 912 618 1049 651; x_wconf 82' lang='lat' dir='ltr'>iudicia-</span> 
     </span>
     <span class='ocr_line' id='line_1_13' title="bbox 302 671 1049 716; baseline -0.003 -10"><span class='ocrx_word' id='word_1_51' title='bbox 302 674 367 706; x_wconf 86' lang='lat' dir='ltr'>riae</span> <span class='ocrx_word' id='word_1_52' title='bbox 388 673 578 716; x_wconf 77' lang='lat' dir='ltr'>astrologiae</span> <span class='ocrx_word' id='word_1_53' title='bbox 589 678 702 712; x_wconf 89' lang='lat' dir='ltr'>artem,</span> <span class='ocrx_word' id='word_1_54' title='bbox 721 678 947 715; x_wconf 77' lang='lat' dir='ltr'>praeterquam</span> <span class='ocrx_word' id='word_1_55' title='bbox 964 671 1049 704; x_wconf 86' lang='lat' dir='ltr'>circa</span> 
     </span>
     <span class='ocr_line' id='line_1_14' title="bbox 301 719 1048 768; baseline -0.001 -10"><span class='ocrx_word' id='word_1_56' title='bbox 301 719 546 768; x_wconf 65' lang='lat' dir='ltr'>agriculturam,</span> <span class='ocrx_word' id='word_1_57' title='bbox 575 726 810 768; x_wconf 79' lang='lat' dir='ltr'>navigationem</span> <span class='ocrx_word' id='word_1_58' title='bbox 831 730 861 758; x_wconf 86' lang='lat' dir='ltr'>et</span> <span class='ocrx_word' id='word_1_59' title='bbox 886 735 955 758; x_wconf 90' lang='lat' dir='ltr'>rem</span> <span class='ocrx_word' id='word_1_60' title='bbox 979 735 1048 757; x_wconf 88' lang='lat' dir='ltr'>me-</span> 
     </span>
     <span class='ocr_line' id='line_1_15' title="bbox 300 777 1047 822; baseline -0.003 -11"><span class='ocrx_word' id='word_1_61' title='bbox 300 780 403 812; x_wconf 82' lang='lat' dir='ltr'>dicam</span> <span class='ocrx_word' id='word_1_62' title='bbox 422 779 452 811; x_wconf 91' lang='lat' dir='ltr'>in</span> <span class='ocrx_word' id='word_1_63' title='bbox 473 785 638 822; x_wconf 90' lang='lat' dir='ltr'>posterum</span> <span class='ocrx_word' id='word_1_64' title='bbox 659 784 852 818; x_wconf 79' lang='lat' dir='ltr'>exercentes,</span> <span class='ocrx_word' id='word_1_65' title='bbox 863 783 917 810; x_wconf 89' lang='lat' dir='ltr'>aut</span> <span class='ocrx_word' id='word_1_66' title='bbox 928 777 1047 810; x_wconf 88' lang='lat' dir='ltr'>sacien-</span> 
     </span>
     <span class='ocr_line' id='line_1_16' title="bbox 300 831 1046 874; baseline -0.003 -9"><span class='ocrx_word' id='word_1_67' title='bbox 300 838 345 865; x_wconf 90' lang='lat' dir='ltr'>tes</span> <span class='ocrx_word' id='word_1_68' title='bbox 372 832 492 865; x_wconf 87' lang='lat' dir='ltr'>iudicia</span> <span class='ocrx_word' id='word_1_69' title='bbox 513 838 543 865; x_wconf 91' lang='lat' dir='ltr'>et</span> <span class='ocrx_word' id='word_1_70' title='bbox 565 832 744 864; x_wconf 77' lang='lat' dir='ltr'>nativitates</span> <span class='ocrx_word' id='word_1_71' title='bbox 769 831 952 872; x_wconf 87' lang='lat' dir='ltr'>hominum,</span> <span class='ocrx_word' id='word_1_72' title='bbox 975 831 1046 874; x_wconf 92' lang='lat' dir='ltr'>qui-</span> 
     </span>
     <span class='ocr_line' id='line_1_17' title="bbox 298 883 1046 928; baseline -0.003 -10"><span class='ocrx_word' id='word_1_73' title='bbox 298 886 358 918; x_wconf 90' lang='lat' dir='ltr'>bus</span> <span class='ocrx_word' id='word_1_74' title='bbox 386 887 423 918; x_wconf 89' lang='lat' dir='ltr'>de</span> <span class='ocrx_word' id='word_1_75' title='bbox 452 886 570 919; x_wconf 85' lang='lat' dir='ltr'>suturis</span> <span class='ocrx_word' id='word_1_76' title='bbox 601 885 862 928; x_wconf 78' lang='lat' dir='ltr'>contingentibus</span> <span class='ocrx_word' id='word_1_77' title='bbox 890 883 1046 917; x_wconf 85' lang='lat' dir='ltr'>successi-</span> 
     </span>
     <span class='ocr_line' id='line_1_18' title="bbox 296 938 1045 983; baseline -0.003 -11"><span class='ocrx_word' id='word_1_78' title='bbox 296 940 356 972; x_wconf 88' lang='lat' dir='ltr'>bus</span> <span class='ocrx_word' id='word_1_79' title='bbox 377 939 584 983; x_wconf 74' lang='lat' dir='ltr'>fortuitisque</span> <span class='ocrx_word' id='word_1_80' title='bbox 600 939 738 979; x_wconf 87' lang='lat' dir='ltr'>casibus,</span> <span class='ocrx_word' id='word_1_81' title='bbox 753 938 998 971; x_wconf 85' lang='lat' dir='ltr'>autactionibus</span> <span class='ocrx_word' id='word_1_82' title='bbox 1010 948 1045 970; x_wconf 86' lang='lat' dir='ltr'>ex</span> 
     </span>
     <span class='ocr_line' id='line_1_19' title="bbox 296 990 1045 1036; baseline -0.003 -11"><span class='ocrx_word' id='word_1_83' title='bbox 296 993 440 1026; x_wconf 86' lang='lat' dir='ltr'>humana</span> <span class='ocrx_word' id='word_1_84' title='bbox 460 993 624 1026; x_wconf 79' lang='lat' dir='ltr'>voluntate</span> <span class='ocrx_word' id='word_1_85' title='bbox 645 992 862 1036; x_wconf 81' lang='lat' dir='ltr'>pendentibus</span> <span class='ocrx_word' id='word_1_86' title='bbox 876 990 998 1035; x_wconf 86' lang='lat' dir='ltr'>aliquid</span> <span class='ocrx_word' id='word_1_87' title='bbox 1011 1001 1045 1024; x_wconf 90' lang='lat' dir='ltr'>e-</span> 
     </span>
     <span class='ocr_line' id='line_1_20' title="bbox 295 1044 1045 1086; baseline -0.004 -7"><span class='ocrx_word' id='word_1_88' title='bbox 295 1052 467 1079; x_wconf 77' lang='lat' dir='ltr'>venturum</span> <span class='ocrx_word' id='word_1_89' title='bbox 487 1046 646 1079; x_wconf 86' lang='lat' dir='ltr'>affirmare</span> <span class='ocrx_word' id='word_1_90' title='bbox 667 1045 799 1086; x_wconf 85' lang='lat' dir='ltr'>audent,</span> <span class='ocrx_word' id='word_1_91' title='bbox 825 1045 921 1078; x_wconf 88' lang='lat' dir='ltr'>etiam</span> <span class='ocrx_word' id='word_1_92' title='bbox 951 1044 977 1077; x_wconf 91' lang='lat' dir='ltr'>si</span> <span class='ocrx_word' id='word_1_93' title='bbox 1014 1044 1045 1076; x_wconf 93' lang='lat' dir='ltr'>id</span> 
     </span>
     <span class='ocr_line' id='line_1_21' title="bbox 296 1100 1045 1142; baseline -0.004 -9"><span class='ocrx_word' id='word_1_94' title='bbox 296 1111 328 1133; x_wconf 92' lang='lat' dir='ltr'>se</span> <span class='ocrx_word' id='word_1_95' title='bbox 349 1111 413 1133; x_wconf 92' lang='lat' dir='ltr'>non</span> <span class='ocrx_word' id='word_1_96' title='bbox 438 1106 525 1133; x_wconf 86' lang='lat' dir='ltr'>certo</span> <span class='ocrx_word' id='word_1_97' title='bbox 550 1100 711 1132; x_wconf 85' lang='lat' dir='ltr'>affirmare</span> <span class='ocrx_word' id='word_1_98' title='bbox 732 1104 875 1132; x_wconf 76' lang='lat' dir='ltr'>asserant</span> <span class='ocrx_word' id='word_1_99' title='bbox 895 1103 950 1131; x_wconf 89' lang='lat' dir='ltr'>aut</span> <span class='ocrx_word' id='word_1_100' title='bbox 968 1108 1045 1142; x_wconf 92' lang='lat' dir='ltr'>pro-</span> 
     </span>
     <span class='ocr_line' id='line_1_22' title="bbox 296 1151 1045 1196; baseline -0.003 -10"><span class='ocrx_word' id='word_1_101' title='bbox 296 1159 462 1193; x_wconf 77' lang='lat' dir='ltr'>testentur,</span> <span class='ocrx_word' id='word_1_102' title='bbox 497 1164 594 1196; x_wconf 87' lang='lat' dir='ltr'>quam</span> <span class='ocrx_word' id='word_1_103' title='bbox 628 1157 739 1185; x_wconf 86' lang='lat' dir='ltr'>contra</span> <span class='ocrx_word' id='word_1_104' title='bbox 773 1152 854 1185; x_wconf 89' lang='lat' dir='ltr'>alios</span> <span class='ocrx_word' id='word_1_105' title='bbox 873 1151 1045 1195; x_wconf 85' lang='lat' dir='ltr'>utriusque</span> 
     </span>
     <span class='ocr_line' id='line_1_23' title="bbox 295 1206 1042 1251; baseline -0.004 -11"><span class='ocrx_word' id='word_1_106' title='bbox 295 1218 400 1247; x_wconf 82' lang='lat' dir='ltr'>sexus,</span> <span class='ocrx_word' id='word_1_107' title='bbox 427 1207 482 1251; x_wconf 83' lang='lat' dir='ltr'>qui</span> <span class='ocrx_word' id='word_1_108' title='bbox 510 1207 710 1250; x_wconf 86' lang='lat' dir='ltr'>supradictas</span> <span class='ocrx_word' id='word_1_109' title='bbox 734 1206 912 1245; x_wconf 87' lang='lat' dir='ltr'>damnatas,</span> <span class='ocrx_word' id='word_1_110' title='bbox 934 1215 1042 1245; x_wconf 86' lang='lat' dir='ltr'>vanas,</span> 
     </span>
     <span class='ocr_line' id='line_1_24' title="bbox 294 1258 1045 1304; baseline -0.003 -11"><span class='ocrx_word' id='word_1_111' title='bbox 294 1261 423 1293; x_wconf 78' lang='lat' dir='ltr'>fallaces</span> <span class='ocrx_word' id='word_1_112' title='bbox 443 1266 473 1294; x_wconf 89' lang='lat' dir='ltr'>et</span> <span class='ocrx_word' id='word_1_113' title='bbox 489 1260 685 1304; x_wconf 85' lang='lat' dir='ltr'>perniciosas</span> <span class='ocrx_word' id='word_1_114' title='bbox 699 1259 863 1292; x_wconf 89' lang='lat' dir='ltr'>divinandi</span> <span class='ocrx_word' id='word_1_115' title='bbox 885 1264 968 1292; x_wconf 89' lang='lat' dir='ltr'>artes</span> <span class='ocrx_word' id='word_1_116' title='bbox 980 1258 1045 1291; x_wconf 80' lang='lat' dir='ltr'>sive</span> 
     </span>
     <span class='ocr_line' id='line_1_25' title="bbox 296 1312 1045 1356; baseline -0.003 -9"><span class='ocrx_word' id='word_1_117' title='bbox 296 1314 444 1347; x_wconf 87' lang='lat' dir='ltr'>scientias</span> <span class='ocrx_word' id='word_1_118' title='bbox 464 1320 623 1354; x_wconf 79' lang='lat' dir='ltr'>exercent,</span> <span class='ocrx_word' id='word_1_119' title='bbox 655 1313 850 1356; x_wconf 81' lang='lat' dir='ltr'>profitentur</span> <span class='ocrx_word' id='word_1_120' title='bbox 877 1318 908 1346; x_wconf 90' lang='lat' dir='ltr'>et</span> <span class='ocrx_word' id='word_1_121' title='bbox 928 1312 1045 1345; x_wconf 85' lang='lat' dir='ltr'>docent</span> 
     </span>
     <span class='ocr_line' id='line_1_26' title="bbox 295 1366 1042 1411; baseline -0.003 -11"><span class='ocrx_word' id='word_1_122' title='bbox 295 1373 348 1400; x_wconf 87' lang='lat' dir='ltr'>aut</span> <span class='ocrx_word' id='word_1_123' title='bbox 367 1368 507 1405; x_wconf 89' lang='lat' dir='ltr'>discunt,</span> <span class='ocrx_word' id='word_1_124' title='bbox 534 1367 627 1411; x_wconf 79' lang='lat' dir='ltr'>quive</span> <span class='ocrx_word' id='word_1_125' title='bbox 647 1366 833 1400; x_wconf 86' lang='lat' dir='ltr'>huiusmodi</span> <span class='ocrx_word' id='word_1_126' title='bbox 849 1366 978 1399; x_wconf 88' lang='lat' dir='ltr'>illicitas</span> <span class='ocrx_word' id='word_1_127' title='bbox 993 1367 1042 1399; x_wconf 93' lang='lat' dir='ltr'>di-</span> 
     </span>
     <span class='ocr_line' id='line_1_27' title="bbox 293 1420 1042 1464; baseline 0 -12"><span class='ocrx_word' id='word_1_128' title='bbox 293 1421 480 1461; x_wconf 84' lang='lat' dir='ltr'>vinationes,</span> <span class='ocrx_word' id='word_1_129' title='bbox 490 1420 662 1464; x_wconf 77' lang='lat' dir='ltr'>sortilegia,</span> <span class='ocrx_word' id='word_1_130' title='bbox 673 1420 925 1464; x_wconf 83' lang='lat' dir='ltr'>superstitiones,</span> <span class='ocrx_word' id='word_1_131' title='bbox 944 1430 1042 1453; x_wconf 86' lang='lat' dir='ltr'>vene-</span> 
     </span>
     <span class='ocr_line' id='line_1_28' title="bbox 293 1473 1043 1517; baseline -0.001 -10"><span class='ocrx_word' id='word_1_132' title='bbox 293 1475 378 1515; x_wconf 82' lang='lat' dir='ltr'>ficia,</span> <span class='ocrx_word' id='word_1_133' title='bbox 400 1474 633 1507; x_wconf 77' lang='lat' dir='ltr'>incantationes</span> <span class='ocrx_word' id='word_1_134' title='bbox 645 1485 682 1507; x_wconf 92' lang='lat' dir='ltr'>ac</span> <span class='ocrx_word' id='word_1_135' title='bbox 694 1474 871 1517; x_wconf 89' lang='lat' dir='ltr'>praemissa</span> <span class='ocrx_word' id='word_1_136' title='bbox 880 1473 1043 1507; x_wconf 90' lang='lat' dir='ltr'>detestan-</span> 
     </span>
     <span class='ocr_line' id='line_1_29' title="bbox 293 1527 1042 1571; baseline -0.001 -10"><span class='ocrx_word' id='word_1_137' title='bbox 293 1528 333 1561; x_wconf 86' lang='lat' dir='ltr'>da</span> <span class='ocrx_word' id='word_1_138' title='bbox 365 1529 488 1561; x_wconf 90' lang='lat' dir='ltr'>scelera</span> <span class='ocrx_word' id='word_1_139' title='bbox 511 1533 541 1561; x_wconf 90' lang='lat' dir='ltr'>et</span> <span class='ocrx_word' id='word_1_140' title='bbox 569 1527 697 1568; x_wconf 86' lang='lat' dir='ltr'>delicta,</span> <span class='ocrx_word' id='word_1_141' title='bbox 719 1533 754 1560; x_wconf 88' lang='lat' dir='ltr'>ut</span> <span class='ocrx_word' id='word_1_142' title='bbox 774 1527 965 1571; x_wconf 88' lang='lat' dir='ltr'>praefertur,</span> <span class='ocrx_word' id='word_1_143' title='bbox 995 1527 1042 1560; x_wconf 86' lang='lat' dir='ltr'>fa-</span> 
     </span>
     <span class='ocr_line' id='line_1_30' title="bbox 293 1581 1042 1624; baseline 0 -10"><span class='ocrx_word' id='word_1_144' title='bbox 293 1581 395 1621; x_wconf 89' lang='lat' dir='ltr'>ciunt,</span> <span class='ocrx_word' id='word_1_145' title='bbox 419 1587 472 1614; x_wconf 90' lang='lat' dir='ltr'>aut</span> <span class='ocrx_word' id='word_1_146' title='bbox 501 1581 533 1614; x_wconf 93' lang='lat' dir='ltr'>in</span> <span class='ocrx_word' id='word_1_147' title='bbox 559 1581 603 1614; x_wconf 89' lang='lat' dir='ltr'>eis</span> <span class='ocrx_word' id='word_1_148' title='bbox 623 1592 656 1614; x_wconf 89' lang='lat' dir='ltr'>se</span> <span class='ocrx_word' id='word_1_149' title='bbox 680 1581 924 1624; x_wconf 85' lang='lat' dir='ltr'>quomodolibet</span> <span class='ocrx_word' id='word_1_150' title='bbox 943 1581 1042 1614; x_wconf 90' lang='lat' dir='ltr'>intro-</span> 
     </span>
     <span class='ocr_line' id='line_1_31' title="bbox 293 1635 1042 1678; baseline 0.001 -11"><span class='ocrx_word' id='word_1_151' title='bbox 293 1636 434 1673; x_wconf 79' lang='lat' dir='ltr'>mittunt,</span> <span class='ocrx_word' id='word_1_152' title='bbox 449 1635 681 1678; x_wconf 89' lang='lat' dir='ltr'>cuiuscumque</span> <span class='ocrx_word' id='word_1_153' title='bbox 689 1635 865 1678; x_wconf 79' lang='lat' dir='ltr'>dignitatis,</span> <span class='ocrx_word' id='word_1_154' title='bbox 884 1635 1002 1678; x_wconf 83' lang='lat' dir='ltr'>gradus</span> <span class='ocrx_word' id='word_1_155' title='bbox 1013 1640 1042 1668; x_wconf 91' lang='lat' dir='ltr'>et</span> 
     </span>
     <span class='ocr_line' id='line_1_32' title="bbox 292 1689 1043 1733; baseline 0 -11"><span class='ocrx_word' id='word_1_156' title='bbox 292 1689 486 1722; x_wconf 87' lang='lat' dir='ltr'>conditionis</span> <span class='ocrx_word' id='word_1_157' title='bbox 502 1689 649 1729; x_wconf 84' lang='lat' dir='ltr'>existant,</span> <span class='ocrx_word' id='word_1_158' title='bbox 670 1694 733 1722; x_wconf 84' lang='lat' dir='ltr'>tam</span> <span class='ocrx_word' id='word_1_159' title='bbox 750 1689 893 1733; x_wconf 84' lang='lat' dir='ltr'>episcopi</span> <span class='ocrx_word' id='word_1_160' title='bbox 910 1694 941 1722; x_wconf 89' lang='lat' dir='ltr'>et</span> <span class='ocrx_word' id='word_1_161' title='bbox 952 1700 1043 1733; x_wconf 89' lang='lat' dir='ltr'>prae-</span> 
     </span>
     <span class='ocr_line' id='line_1_33' title="bbox 293 1742 1040 1786; baseline 0.001 -12"><span class='ocrx_word' id='word_1_162' title='bbox 293 1742 360 1782; x_wconf 87' lang='lat' dir='ltr'>lati,</span> <span class='ocrx_word' id='word_1_163' title='bbox 377 1742 561 1786; x_wconf 85' lang='lat' dir='ltr'>superiores</span> <span class='ocrx_word' id='word_1_164' title='bbox 581 1754 617 1775; x_wconf 92' lang='lat' dir='ltr'>ac</span> <span class='ocrx_word' id='word_1_165' title='bbox 637 1743 691 1775; x_wconf 89' lang='lat' dir='ltr'>alii</span> <span class='ocrx_word' id='word_1_166' title='bbox 711 1742 866 1775; x_wconf 88' lang='lat' dir='ltr'>ordinarii</span> <span class='ocrx_word' id='word_1_167' title='bbox 879 1743 1040 1784; x_wconf 88' lang='lat' dir='ltr'>locorum,</span> 
     </span>
     <span class='ocr_line' id='line_1_34' title="bbox 292 1796 1043 1840; baseline 0.001 -12"><span class='ocrx_word' id='word_1_168' title='bbox 292 1806 389 1838; x_wconf 90' lang='lat' dir='ltr'>quam</span> <span class='ocrx_word' id='word_1_169' title='bbox 406 1796 612 1839; x_wconf 90' lang='lat' dir='ltr'>inquisitores</span> <span class='ocrx_word' id='word_1_170' title='bbox 629 1796 810 1829; x_wconf 82' lang='lat' dir='ltr'>haereticae</span> <span class='ocrx_word' id='word_1_171' title='bbox 830 1796 996 1840; x_wconf 88' lang='lat' dir='ltr'>pravitatis</span> <span class='ocrx_word' id='word_1_172' title='bbox 1008 1808 1043 1829; x_wconf 93' lang='lat' dir='ltr'>u-</span> 
     </span>
     <span class='ocr_line' id='line_1_35' title="bbox 292 1848 1042 1893; baseline 0.003 -12"><span class='ocrx_word' id='word_1_173' title='bbox 292 1849 388 1892; x_wconf 91' lang='lat' dir='ltr'>bique</span> <span class='ocrx_word' id='word_1_174' title='bbox 418 1849 563 1892; x_wconf 77' lang='lat' dir='ltr'>gentium</span> <span class='ocrx_word' id='word_1_175' title='bbox 583 1848 738 1893; x_wconf 88' lang='lat' dir='ltr'>deputati,</span> <span class='ocrx_word' id='word_1_176' title='bbox 771 1848 895 1882; x_wconf 89' lang='lat' dir='ltr'>etiamsi</span> <span class='ocrx_word' id='word_1_177' title='bbox 919 1849 953 1882; x_wconf 93' lang='lat' dir='ltr'>in</span> <span class='ocrx_word' id='word_1_178' title='bbox 973 1850 1042 1893; x_wconf 90' lang='lat' dir='ltr'>ple·</span> 
     </span>
     <span class='ocr_line' id='line_1_36' title="bbox 293 1902 1041 1946; baseline 0.003 -12"><span class='ocrx_word' id='word_1_179' title='bbox 293 1902 398 1946; x_wconf 86' lang='lat' dir='ltr'>risque</span> <span class='ocrx_word' id='word_1_180' title='bbox 418 1913 454 1936; x_wconf 79' lang='lat' dir='ltr'>ex</span> <span class='ocrx_word' id='word_1_181' title='bbox 474 1903 523 1935; x_wconf 93' lang='lat' dir='ltr'>his</span> <span class='ocrx_word' id='word_1_182' title='bbox 543 1903 668 1936; x_wconf 86' lang='lat' dir='ltr'>casibus</span> <span class='ocrx_word' id='word_1_183' title='bbox 686 1908 778 1935; x_wconf 88' lang='lat' dir='ltr'>antea</span> <span class='ocrx_word' id='word_1_184' title='bbox 801 1913 866 1935; x_wconf 92' lang='lat' dir='ltr'>non</span> <span class='ocrx_word' id='word_1_185' title='bbox 884 1903 1041 1946; x_wconf 86' lang='lat' dir='ltr'>procede-</span> 
     </span>
     <span class='ocr_line' id='line_1_37' title="bbox 291 1955 1041 2000; baseline 0 -12"><span class='ocrx_word' id='word_1_186' title='bbox 291 1955 368 1988; x_wconf 85' lang='lat' dir='ltr'>bant</span> <span class='ocrx_word' id='word_1_187' title='bbox 382 1962 437 1989; x_wconf 88' lang='lat' dir='ltr'>aut</span> <span class='ocrx_word' id='word_1_188' title='bbox 456 1956 632 2000; x_wconf 87' lang='lat' dir='ltr'>procedere</span> <span class='ocrx_word' id='word_1_189' title='bbox 647 1966 712 1989; x_wconf 92' lang='lat' dir='ltr'>non</span> <span class='ocrx_word' id='word_1_190' title='bbox 730 1956 888 1996; x_wconf 84' lang='lat' dir='ltr'>valebant,</span> <span class='ocrx_word' id='word_1_191' title='bbox 904 1956 1041 1999; x_wconf 82' lang='lat' dir='ltr'>diligen-</span> 
     </span>
     <span class='ocr_line' id='line_1_38' title="bbox 292 2009 1041 2053; baseline 0.001 -12"><span class='ocrx_word' id='word_1_192' title='bbox 292 2009 353 2042; x_wconf 91' lang='lat' dir='ltr'>tius</span> <span class='ocrx_word' id='word_1_193' title='bbox 374 2009 538 2053; x_wconf 87' lang='lat' dir='ltr'>inquirant</span> <span class='ocrx_word' id='word_1_194' title='bbox 556 2015 585 2043; x_wconf 90' lang='lat' dir='ltr'>et</span> <span class='ocrx_word' id='word_1_195' title='bbox 602 2010 792 2053; x_wconf 87' lang='lat' dir='ltr'>procedant,</span> <span class='ocrx_word' id='word_1_196' title='bbox 812 2015 906 2053; x_wconf 85' lang='lat' dir='ltr'>atque</span> <span class='ocrx_word' id='word_1_197' title='bbox 931 2009 964 2042; x_wconf 92' lang='lat' dir='ltr'>in</span> <span class='ocrx_word' id='word_1_198' title='bbox 986 2020 1041 2043; x_wconf 86' lang='lat' dir='ltr'>eos</span> 
     </span>
     <span class='ocr_line' id='line_1_39' title="bbox 289 2063 1042 2106; baseline 0 -10"><span class='ocrx_word' id='word_1_199' title='bbox 289 2063 431 2096; x_wconf 77' lang='lat' dir='ltr'>&#39;severius</span> <span class='ocrx_word' id='word_1_200' title='bbox 446 2063 610 2096; x_wconf 89' lang='lat' dir='ltr'>canonicis</span> <span class='ocrx_word' id='word_1_201' title='bbox 621 2063 734 2106; x_wconf 90' lang='lat' dir='ltr'>poenis</span> <span class='ocrx_word' id='word_1_202' title='bbox 746 2069 776 2096; x_wconf 92' lang='lat' dir='ltr'>et</span> <span class='ocrx_word' id='word_1_203' title='bbox 787 2063 859 2096; x_wconf 92' lang='lat' dir='ltr'>aliis</span> <span class='ocrx_word' id='word_1_204' title='bbox 869 2073 982 2096; x_wconf 88' lang='lat' dir='ltr'>eorum</span> <span class='ocrx_word' id='word_1_205' title='bbox 991 2073 1042 2096; x_wconf 88' lang='lat' dir='ltr'>ar-</span> 
     </span>
     <span class='ocr_line' id='line_1_40' title="bbox 292 2116 678 2149; baseline 0.003 -2"><span class='ocrx_word' id='word_1_206' title='bbox 292 2116 387 2149; x_wconf 91' lang='lat' dir='ltr'>bitrio</span> <span class='ocrx_word' id='word_1_207' title='bbox 413 2116 678 2149; x_wconf 86' lang='lat' dir='ltr'>animdavertant.</span> 
     </span>
    </p>

    <p class='ocr_par' dir='ltr' id='par_1_4' title="bbox 290 2168 1040 2374">
     <span class='ocr_line' id='line_1_41' title="bbox 335 2168 1039 2212; baseline -0.001 -10"><span class='ocrx_word' id='word_1_208' title='bbox 335 2170 350 2212; x_wconf 60' lang='lat' dir='ltr'>g</span> <span class='ocrx_word' id='word_1_209' title='bbox 373 2169 405 2202; x_wconf 76' lang='lat'>4.</span> <span class='ocrx_word' id='word_1_210' title='bbox 432 2169 644 2202; x_wconf 90' lang='lat' dir='ltr'>Prohibentes</span> <span class='ocrx_word' id='word_1_211' title='bbox 659 2180 772 2203; x_wconf 90' lang='lat' dir='ltr'>omnes</span> <span class='ocrx_word' id='word_1_212' title='bbox 788 2174 819 2202; x_wconf 89' lang='lat' dir='ltr'>et</span> <span class='ocrx_word' id='word_1_213' title='bbox 838 2169 982 2212; x_wconf 80' lang='lat' dir='ltr'>singulos</span> <span class='ocrx_word' id='word_1_214' title='bbox 999 2168 1039 2201; x_wconf 91' lang='lat' dir='ltr'>li-</span> 
     </span>
     <span class='ocr_line' id='line_1_42' title="bbox 290 2221 1039 2267; baseline 0.001 -14"><span class='ocrx_word' id='word_1_215' title='bbox 290 2221 375 2263; x_wconf 89' lang='lat' dir='ltr'>bros,</span> <span class='ocrx_word' id='word_1_216' title='bbox 396 2233 494 2267; x_wconf 90' lang='lat' dir='ltr'>opera</span> <span class='ocrx_word' id='word_1_217' title='bbox 515 2228 546 2256; x_wconf 89' lang='lat' dir='ltr'>et</span> <span class='ocrx_word' id='word_1_218' title='bbox 570 2228 723 2256; x_wconf 88' lang='lat' dir='ltr'>tractatus</span> <span class='ocrx_word' id='word_1_219' title='bbox 747 2222 933 2256; x_wconf 84' lang='lat' dir='ltr'>huiusmodi</span> <span class='ocrx_word' id='word_1_220' title='bbox 954 2221 1039 2255; x_wconf 88' lang='lat' dir='ltr'>iudi-</span> 
     </span>
     <span class='ocr_line' id='line_1_43' title="bbox 292 2274 1038 2320; baseline 0.003 -13"><span class='ocrx_word' id='word_1_221' title='bbox 292 2274 409 2309; x_wconf 89' lang='lat' dir='ltr'>ciariae</span> <span class='ocrx_word' id='word_1_222' title='bbox 444 2276 643 2319; x_wconf 84' lang='lat' dir='ltr'>astrologiae,</span> <span class='ocrx_word' id='word_1_223' title='bbox 676 2276 887 2319; x_wconf 79' lang='lat' dir='ltr'>geomantiae,</span> <span class='ocrx_word' id='word_1_224' title='bbox 920 2276 1038 2320; x_wconf 71' lang='lat' dir='ltr'>hydro-</span> 
     </span>
     <span class='ocr_line' id='line_1_44' title="bbox 292 2329 1040 2374; baseline 0.003 -14"><span class='ocrx_word' id='word_1_225' title='bbox 292 2329 441 2370; x_wconf 87' lang='lat' dir='ltr'>mantiae,</span> <span class='ocrx_word' id='word_1_226' title='bbox 469 2330 702 2374; x_wconf 74' lang='lat' dir='ltr'>pyromantiae,</span> <span class='ocrx_word' id='word_1_227' title='bbox 733 2329 949 2369; x_wconf 88' lang='lat' dir='ltr'>onomantiae,</span> <span class='ocrx_word' id='word_1_228' title='bbox 973 2329 1040 2362; x_wconf 88' lang='lat' dir='ltr'>chi-</span> 
     </span>
    </p>
   </div>
   <div class='ocr_carea' id='block_1_4' title="bbox 290 2382 1037 2670">
    <p class='ocr_par' dir='ltr' id='par_1_5' title="bbox 290 2382 1037 2670">
     <span class='ocr_line' id='line_1_45' title="bbox 291 2382 1036 2426; baseline 0.001 -12"><span class='ocrx_word' id='word_1_229' title='bbox 291 2383 479 2422; x_wconf 68' lang='lat' dir='ltr'>romanfiae,</span> <span class='ocrx_word' id='word_1_230' title='bbox 501 2383 754 2426; x_wconf 82' lang='lat' dir='ltr'>negromantiae,</span> <span class='ocrx_word' id='word_1_231' title='bbox 781 2383 857 2416; x_wconf 89' lang='lat' dir='ltr'>artis</span> <span class='ocrx_word' id='word_1_232' title='bbox 881 2382 1036 2426; x_wconf 85' lang='lat' dir='ltr'>magicae,</span> 
     </span>
     <span class='ocr_line' id='line_1_46' title="bbox 291 2430 1037 2475; baseline 0.001 -13"><span class='ocrx_word' id='word_1_233' title='bbox 291 2435 346 2463; x_wconf 87' lang='lat' dir='ltr'>aut</span> <span class='ocrx_word' id='word_1_234' title='bbox 363 2430 396 2463; x_wconf 90' lang='lat' dir='ltr'>in</span> <span class='ocrx_word' id='word_1_235' title='bbox 415 2431 531 2474; x_wconf 86' lang='lat' dir='ltr'>quibus</span> <span class='ocrx_word' id='word_1_236' title='bbox 551 2431 726 2475; x_wconf 77' lang='lat' dir='ltr'>sortilegia,</span> <span class='ocrx_word' id='word_1_237' title='bbox 748 2431 914 2472; x_wconf 77' lang='lat' dir='ltr'>veneficia,</span> <span class='ocrx_word' id='word_1_238' title='bbox 937 2442 1037 2475; x_wconf 81' lang='lat' dir='ltr'>augu-</span> 
     </span>
     <span class='ocr_line' id='line_1_47' title="bbox 291 2477 1037 2522; baseline 0.005 -13"><span class='ocrx_word' id='word_1_239' title='bbox 291 2477 349 2518; x_wconf 91' lang='lat' dir='ltr'>ria,</span> <span class='ocrx_word' id='word_1_240' title='bbox 365 2479 519 2522; x_wconf 87' lang='lat' dir='ltr'>auspicia,</span> <span class='ocrx_word' id='word_1_241' title='bbox 540 2481 735 2513; x_wconf 82' lang='lat' dir='ltr'>execrabiles</span> <span class='ocrx_word' id='word_1_242' title='bbox 755 2480 986 2513; x_wconf 85' lang='lat' dir='ltr'>incantationes</span> <span class='ocrx_word' id='word_1_243' title='bbox 1001 2491 1037 2512; x_wconf 90' lang='lat' dir='ltr'>ac</span> 
     </span>
     <span class='ocr_line' id='line_1_48' title="bbox 291 2527 1035 2573; baseline 0.001 -14"><span class='ocrx_word' id='word_1_244' title='bbox 291 2527 534 2570; x_wconf 76' lang='lat' dir='ltr'>superstitiones</span> <span class='ocrx_word' id='word_1_245' title='bbox 545 2529 765 2569; x_wconf 90' lang='lat' dir='ltr'>continentur,</span> <span class='ocrx_word' id='word_1_246' title='bbox 788 2539 824 2561; x_wconf 84' lang='lat' dir='ltr'>ac</span> <span class='ocrx_word' id='word_1_247' title='bbox 844 2535 879 2562; x_wconf 92' lang='lat' dir='ltr'>ut</span> <span class='ocrx_word' id='word_1_248' title='bbox 896 2529 1035 2573; x_wconf 88' lang='lat' dir='ltr'>suprain</span> 
     </span>
     <span class='ocr_line' id='line_1_49' title="bbox 291 2577 1035 2618; baseline 0.003 -10"><span class='ocrx_word' id='word_1_249' title='bbox 291 2581 468 2610; x_wconf 87' lang='lat' dir='ltr'>memorato</span> <span class='ocrx_word' id='word_1_250' title='bbox 494 2577 600 2611; x_wconf 89' lang='lat' dir='ltr'>indice</span> <span class='ocrx_word' id='word_1_251' title='bbox 620 2578 819 2618; x_wconf 88' lang='lat' dir='ltr'>interdictos,</span> <span class='ocrx_word' id='word_1_252' title='bbox 843 2578 900 2610; x_wconf 89' lang='lat' dir='ltr'>sub</span> <span class='ocrx_word' id='word_1_253' title='bbox 920 2588 1035 2611; x_wconf 87' lang='lat' dir='ltr'>censu-</span> 
     </span>
     <span class='ocr_line' id='line_1_50' title="bbox 290 2624 1034 2670; baseline 0.003 -13"><span class='ocrx_word' id='word_1_254' title='bbox 290 2624 333 2658; x_wconf 89' lang='lat' dir='ltr'>ris</span> <span class='ocrx_word' id='word_1_255' title='bbox 345 2629 376 2658; x_wconf 89' lang='lat' dir='ltr'>et</span> <span class='ocrx_word' id='word_1_256' title='bbox 391 2624 503 2669; x_wconf 87' lang='lat' dir='ltr'>poenis</span> <span class='ocrx_word' id='word_1_257' title='bbox 515 2626 548 2659; x_wconf 94' lang='lat' dir='ltr'>in</span> <span class='ocrx_word' id='word_1_258' title='bbox 563 2636 601 2660; x_wconf 90' lang='lat' dir='ltr'>eo</span> <span class='ocrx_word' id='word_1_259' title='bbox 612 2626 787 2668; x_wconf 70' lang='lat' dir='ltr'>contentis,</span> <span class='ocrx_word' id='word_1_260' title='bbox 797 2637 815 2659; x_wconf 89' lang='lat' dir='ltr'>a</span> <span class='ocrx_word' id='word_1_261' title='bbox 825 2626 1034 2670; x_wconf 87' lang='lat' dir='ltr'>quibuscum—</span> 
     </span>
    </p>
   </div>
   <div class='ocr_carea' id='block_1_5' title="bbox 895 232 1247 269">
    <p class='ocr_par' dir='ltr' id='par_1_6' title="bbox 895 232 1247 269">
     <span class='ocr_line' id='line_1_51' title="bbox 895 232 1247 269; baseline -0.003 0"><span class='ocrx_word' id='word_1_262' title='bbox 895 244 1072 269; x_wconf 63' lang='lat' dir='ltr'>mrtmmrn</span> <span class='ocrx_word' id='word_1_263' title='bbox 1083 232 1085 235; x_wconf 79' lang='grc'><strong>’</strong></span> <span class='ocrx_word' id='word_1_264' title='bbox 1098 245 1247 268; x_wconf 63' lang='grc' dir='ltr'>κο)υ.&gt;ιι’.η</span> 
     </span>
    </p>
   </div>
   <div class='ocr_carea' id='block_1_6' title="bbox 2019 365 2059 1824">
    <p class='ocr_par' dir='ltr' id='par_1_7' title="bbox 2019 365 2059 1824">
     <span class='ocr_line' id='line_1_52' title="bbox 2026 365 2059 629; baseline 0 -106"><span class='ocrx_word' id='word_1_265' title='bbox 2026 365 2059 629; x_wconf 95' lang='lat' dir='ltr'>     </span> 
     </span>
     <span class='ocr_line' id='line_1_53' title="bbox 2026 629 2059 859; baseline 0 -14"><span class='ocrx_word' id='word_1_266' title='bbox 2026 629 2059 859; x_wconf 95' lang='lat' dir='ltr'>     </span> 
     </span>
     <span class='ocr_line' id='line_1_54' title="bbox 2026 859 2059 1061; baseline 0 -55"><span class='ocrx_word' id='word_1_267' title='bbox 2026 859 2059 1061; x_wconf 95' lang='lat' dir='ltr'>    </span> 
     </span>
     <span class='ocr_line' id='line_1_55' title="bbox 2019 1061 2059 1824; baseline 0 0"><span class='ocrx_word' id='word_1_268' title='bbox 2019 1061 2059 1824; x_wconf 95' lang='lat' dir='ltr'>    </span> 
     </span>
    </p>
   </div>
   <div class='ocr_carea' id='block_1_7' title="bbox 1078 243 2035 2671">
    <p class='ocr_par' dir='ltr' id='par_1_8' title="bbox 1087 235 2035 876">
     <span class='ocr_line' id='line_1_56' title="bbox 1857 243 2030 274; baseline 0 0"><span class='ocrx_word' id='word_1_269' title='bbox 1857 245 1912 274; x_wconf 79' lang='lat' dir='ltr'>An.</span> <span class='ocrx_word' id='word_1_270' title='bbox 1929 243 1960 274; x_wconf 81' lang='lat' dir='ltr'>c.</span> <span class='ocrx_word' id='word_1_271' title='bbox 2027 260 2030 267; x_wconf 52' lang='grc' dir='ltr'><strong><em>ι</em></strong></span> 
     </span>
     <span class='ocr_line' id='line_1_57' title="bbox 1094 296 1842 342; baseline 0.005 -13"><span class='ocrx_word' id='word_1_272' title='bbox 1094 307 1155 340; x_wconf 88' lang='lat' dir='ltr'>que</span> <span class='ocrx_word' id='word_1_273' title='bbox 1175 296 1436 329; x_wconf 84' lang='lat' dir='ltr'>christifidelibus</span> <span class='ocrx_word' id='word_1_274' title='bbox 1455 297 1518 340; x_wconf 81' lang='lat' dir='ltr'>legi</span> <span class='ocrx_word' id='word_1_275' title='bbox 1536 298 1842 342; x_wconf 84' lang='lat' dir='ltr'>autquomodolibet</span> 
     </span>
     <span class='ocr_line' id='line_1_58' title="bbox 1094 350 1842 397; baseline 0.005 -15"><span class='ocrx_word' id='word_1_276' title='bbox 1094 350 1238 388; x_wconf 77' lang='lat' dir='ltr'>retineri,</span> <span class='ocrx_word' id='word_1_277' title='bbox 1269 350 1323 383; x_wconf 90' lang='lat' dir='ltr'>sed</span> <span class='ocrx_word' id='word_1_278' title='bbox 1343 350 1414 383; x_wconf 91' lang='lat' dir='ltr'>illos</span> <span class='ocrx_word' id='word_1_279' title='bbox 1435 350 1644 397; x_wconf 48' lang='lat' dir='ltr'>episcopisfit</span> <span class='ocrx_word' id='word_1_280' title='bbox 1669 352 1842 387; x_wconf 71' lang='lat' dir='ltr'>ordinariis</span> 
     </span>
     <span class='ocr_line' id='line_1_59' title="bbox 1095 404 1842 452; baseline 0.005 -16"><span class='ocrx_word' id='word_1_281' title='bbox 1095 406 1240 437; x_wconf 88' lang='lat' dir='ltr'>locorum</span> <span class='ocrx_word' id='word_1_282' title='bbox 1253 404 1300 437; x_wconf 80' lang='lat' dir='ltr'>vel</span> <span class='ocrx_word' id='word_1_283' title='bbox 1314 404 1558 447; x_wconf 85' lang='lat' dir='ltr'>inquisitoribus</span> <span class='ocrx_word' id='word_1_284' title='bbox 1569 405 1739 449; x_wconf 88' lang='lat' dir='ltr'>praedictis</span> <span class='ocrx_word' id='word_1_285' title='bbox 1750 417 1842 452; x_wconf 90' lang='lat' dir='ltr'>prae-</span> 
     </span>
     <span class='ocr_line' id='line_1_60' title="bbox 1092 457 1840 501; baseline 0.004 -11"><span class='ocrx_word' id='word_1_286' title='bbox 1092 458 1210 490; x_wconf 85' lang='lat' dir='ltr'>sentari</span> <span class='ocrx_word' id='word_1_287' title='bbox 1231 462 1262 490; x_wconf 92' lang='lat' dir='ltr'>et</span> <span class='ocrx_word' id='word_1_288' title='bbox 1277 457 1459 501; x_wconf 84' lang='lat' dir='ltr'>consignari</span> <span class='ocrx_word' id='word_1_289' title='bbox 1475 458 1604 491; x_wconf 89' lang='lat' dir='ltr'>debere.</span> <span class='ocrx_word' id='word_1_290' title='bbox 1623 458 1661 491; x_wconf 86' lang='lat' dir='ltr'>Et</span> <span class='ocrx_word' id='word_1_291' title='bbox 1675 459 1840 493; x_wconf 90' lang='lat' dir='ltr'>nihilomi-</span> 
     </span>
     <span class='ocr_line' id='line_1_61' title="bbox 1091 511 1840 546; baseline 0.004 -3"><span class='ocrx_word' id='word_1_292' title='bbox 1091 522 1151 544; x_wconf 85' lang='lat' dir='ltr'>nus</span> <span class='ocrx_word' id='word_1_293' title='bbox 1163 511 1275 544; x_wconf 87' lang='lat' dir='ltr'>eadem</span> <span class='ocrx_word' id='word_1_294' title='bbox 1286 511 1475 544; x_wconf 88' lang='lat' dir='ltr'>auctoritate</span> <span class='ocrx_word' id='word_1_295' title='bbox 1485 511 1656 545; x_wconf 88' lang='lat' dir='ltr'>statuimus</span> <span class='ocrx_word' id='word_1_296' title='bbox 1667 517 1697 545; x_wconf 89' lang='lat' dir='ltr'>et</span> <span class='ocrx_word' id='word_1_297' title='bbox 1708 513 1840 546; x_wconf 89' lang='lat' dir='ltr'>manda-</span> 
     </span>
     <span class='ocr_line' id='line_1_62' title="bbox 1092 565 1839 608; baseline 0.004 -12"><span class='ocrx_word' id='word_1_298' title='bbox 1092 576 1162 597; x_wconf 89' lang='lat' dir='ltr'>mus</span> <span class='ocrx_word' id='word_1_299' title='bbox 1186 570 1349 598; x_wconf 88' lang='lat' dir='ltr'>utcontra</span> <span class='ocrx_word' id='word_1_300' title='bbox 1369 565 1507 598; x_wconf 87' lang='lat' dir='ltr'>scienter</span> <span class='ocrx_word' id='word_1_301' title='bbox 1525 565 1668 608; x_wconf 81' lang='lat' dir='ltr'>legentes</span> <span class='ocrx_word' id='word_1_302' title='bbox 1686 570 1742 598; x_wconf 90' lang='lat' dir='ltr'>aut</span> <span class='ocrx_word' id='word_1_303' title='bbox 1763 565 1839 599; x_wconf 88' lang='lat' dir='ltr'>reti-</span> 
     </span>
     <span class='ocr_line' id='line_1_63' title="bbox 1091 617 1839 662; baseline 0.001 -12"><span class='ocrx_word' id='word_1_304' title='bbox 1091 623 1200 650; x_wconf 88' lang='lat' dir='ltr'>nentes</span> <span class='ocrx_word' id='word_1_305' title='bbox 1216 618 1316 651; x_wconf 89' lang='lat' dir='ltr'>libros</span> <span class='ocrx_word' id='word_1_306' title='bbox 1335 624 1367 651; x_wconf 90' lang='lat' dir='ltr'>et</span> <span class='ocrx_word' id='word_1_307' title='bbox 1386 617 1505 662; x_wconf 87' lang='lat' dir='ltr'>scripta</span> <span class='ocrx_word' id='word_1_308' title='bbox 1522 618 1721 659; x_wconf 82' lang='lat' dir='ltr'>huiusmodi,</span> <span class='ocrx_word' id='word_1_309' title='bbox 1739 629 1793 651; x_wconf 92' lang='lat' dir='ltr'>seu</span> <span class='ocrx_word' id='word_1_310' title='bbox 1806 618 1839 651; x_wconf 91' lang='lat' dir='ltr'>in</span> 
     </span>
     <span class='ocr_line' id='line_1_64' title="bbox 1089 670 1838 714; baseline 0.003 -12"><span class='ocrx_word' id='word_1_311' title='bbox 1089 670 1205 714; x_wconf 80' lang='lat' dir='ltr'>quibus</span> <span class='ocrx_word' id='word_1_312' title='bbox 1223 671 1299 704; x_wconf 90' lang='lat' dir='ltr'>talia</span> <span class='ocrx_word' id='word_1_313' title='bbox 1323 671 1543 711; x_wconf 83' lang='lat' dir='ltr'>continentur,</span> <span class='ocrx_word' id='word_1_314' title='bbox 1570 671 1718 705; x_wconf 88' lang='lat' dir='ltr'>similiter</span> <span class='ocrx_word' id='word_1_315' title='bbox 1741 671 1838 704; x_wconf 89' lang='lat' dir='ltr'>iidem</span> 
     </span>
     <span class='ocr_line' id='line_1_65' title="bbox 1090 724 1837 769; baseline 0.003 -13"><span class='ocrx_word' id='word_1_316' title='bbox 1090 725 1293 768; x_wconf 84' lang='lat' dir='ltr'>inquisitores</span> <span class='ocrx_word' id='word_1_317' title='bbox 1322 725 1422 759; x_wconf 91' lang='lat' dir='ltr'>libere</span> <span class='ocrx_word' id='word_1_318' title='bbox 1451 730 1481 758; x_wconf 88' lang='lat' dir='ltr'>et</span> <span class='ocrx_word' id='word_1_319' title='bbox 1500 724 1585 758; x_wconf 89' lang='lat' dir='ltr'>licite</span> <span class='ocrx_word' id='word_1_320' title='bbox 1605 724 1782 769; x_wconf 88' lang='lat' dir='ltr'>procedant</span> <span class='ocrx_word' id='word_1_321' title='bbox 1799 735 1837 758; x_wconf 88' lang='lat' dir='ltr'>ac</span> 
     </span>
     <span class='ocr_line' id='line_1_66' title="bbox 1090 778 1838 823; baseline 0 -12"><span class='ocrx_word' id='word_1_322' title='bbox 1090 779 1275 821; x_wconf 84' lang='lat' dir='ltr'>procedere,</span> <span class='ocrx_word' id='word_1_323' title='bbox 1298 785 1328 812; x_wconf 90' lang='lat' dir='ltr'>et</span> <span class='ocrx_word' id='word_1_324' title='bbox 1348 779 1462 823; x_wconf 85' lang='lat' dir='ltr'>poenis</span> <span class='ocrx_word' id='word_1_325' title='bbox 1480 778 1648 822; x_wconf 87' lang='lat' dir='ltr'>condignis</span> <span class='ocrx_word' id='word_1_326' title='bbox 1667 778 1786 822; x_wconf 91' lang='lat' dir='ltr'>punire</span> <span class='ocrx_word' id='word_1_327' title='bbox 1805 783 1838 812; x_wconf 87' lang='lat' dir='ltr'>et.</span> 
     </span>
     <span class='ocr_line' id='line_1_67' title="bbox 1087 833 2035 876; baseline -0.002 -12"><span class='ocrx_word' id='word_1_328' title='bbox 1087 843 1237 865; x_wconf 88' lang='lat' dir='ltr'>coercere</span> <span class='ocrx_word' id='word_1_329' title='bbox 1258 833 1390 876; x_wconf 90' lang='lat' dir='ltr'>possint.</span> <span class='ocrx_word' id='word_1_330' title='bbox 2012 860 2014 862; x_wconf 90' lang='lat'>.</span> <span class='ocrx_word' id='word_1_331' title='bbox 2034 868 2035 874; x_wconf 12' lang='grc' dir='ltr'>ἵ</span> 
     </span>
    </p>

    <p class='ocr_par' dir='ltr' id='par_1_9' title="bbox 1086 885 2035 1038">
     <span class='ocr_line' id='line_1_68' title="bbox 1130 885 2034 930; baseline 0.002 -10"><span class='ocrx_word' id='word_1_332' title='bbox 1130 886 1144 929; x_wconf 59' lang='grc' dir='ltr'>ᾗ</span> <span class='ocrx_word' id='word_1_333' title='bbox 1169 887 1199 920; x_wconf 87' lang='lat'>5.</span> <span class='ocrx_word' id='word_1_334' title='bbox 1226 886 1295 920; x_wconf 83' lang='lat' dir='ltr'>Non</span> <span class='ocrx_word' id='word_1_335' title='bbox 1322 887 1521 920; x_wconf 86' lang='lat' dir='ltr'>obstantibus</span> <span class='ocrx_word' id='word_1_336' title='bbox 1546 885 1835 920; x_wconf 88' lang='lat' dir='ltr'>constitutionibus</span> <span class='ocrx_word' id='word_1_337' title='bbox 1874 894 2034 930; x_wconf 59' lang='lat' dir='ltr'>einum-010</span> 
     </span>
     <span class='ocr_line' id='line_1_69' title="bbox 1086 931 2034 984; baseline 0 -11"><span class='ocrx_word' id='word_1_338' title='bbox 1086 945 1116 972; x_wconf 85' lang='lat' dir='ltr'>et</span> <span class='ocrx_word' id='word_1_339' title='bbox 1143 940 1399 973; x_wconf 84' lang='lat' dir='ltr'>ordinationibus</span> <span class='ocrx_word' id='word_1_340' title='bbox 1425 940 1622 984; x_wconf 81' lang='lat' dir='ltr'>apostolicis,</span> <span class='ocrx_word' id='word_1_341' title='bbox 1655 939 1834 983; x_wconf 83' lang='lat' dir='ltr'>ceterisque</span> <span class='ocrx_word' id='word_1_342' title='bbox 1848 932 1976 956; x_wconf 73' lang='lat'>&#39;⁰⁸⁸¹⁰‘¹⁸⁹·</span> <span class='ocrx_word' id='word_1_343' title='bbox 2006 935 2009 938; x_wconf 49' lang='lat'><strong>⁴</strong></span> <span class='ocrx_word' id='word_1_344' title='bbox 2033 931 2034 938; x_wconf 40' lang='lat'>¹</span> 
     </span>
     <span class='ocr_line' id='line_1_70' title="bbox 1087 994 1545 1038; baseline 0.002 -12"><span class='ocrx_word' id='word_1_345' title='bbox 1087 994 1256 1026; x_wconf 89' lang='lat' dir='ltr'>contrariis</span> <span class='ocrx_word' id='word_1_346' title='bbox 1274 994 1545 1038; x_wconf 88' lang='lat' dir='ltr'>quibuscumque.</span> 
     </span>
    </p>

    <p class='ocr_par' dir='ltr' id='par_1_10' title="bbox 1084 1045 2033 1521">
     <span class='ocr_line' id='line_1_71' title="bbox 1128 1045 2033 1092; baseline 0 -11"><span class='ocrx_word' id='word_1_347' title='bbox 1128 1047 1143 1091; x_wconf 63' lang='grc' dir='ltr'>ξ</span> <span class='ocrx_word' id='word_1_348' title='bbox 1167 1048 1198 1081; x_wconf 83' lang='grc'>6.</span> <span class='ocrx_word' id='word_1_349' title='bbox 1226 1048 1265 1081; x_wconf 87' lang='lat' dir='ltr'>Ut</span> <span class='ocrx_word' id='word_1_350' title='bbox 1288 1053 1396 1081; x_wconf 89' lang='lat' dir='ltr'>autem</span> <span class='ocrx_word' id='word_1_351' title='bbox 1411 1052 1596 1092; x_wconf 82' lang='lat' dir='ltr'>praesentes</span> <span class='ocrx_word' id='word_1_352' title='bbox 1606 1051 1735 1080; x_wconf 88' lang='lat' dir='ltr'>nostrae</span> <span class='ocrx_word' id='word_1_353' title='bbox 1746 1045 1833 1080; x_wconf 79' lang='lat' dir='ltr'>litte·</span> <span class='ocrx_word' id='word_1_354' title='bbox 1875 1061 1945 1084; x_wconf 67' lang='lat' dir='ltr'>iussio</span> <span class='ocrx_word' id='word_1_355' title='bbox 1963 1046 2033 1091; x_wconf 64' lang='grc' dir='ltr'>μ’</span> 
     </span>
     <span class='ocr_line' id='line_1_72' title="bbox 1087 1092 2021 1134; baseline 0 -1"><span class='ocrx_word' id='word_1_356' title='bbox 1087 1111 1139 1134; x_wconf 86' lang='lat' dir='ltr'>rae</span> <span class='ocrx_word' id='word_1_357' title='bbox 1158 1101 1199 1134; x_wconf 91' lang='lat' dir='ltr'>ad</span> <span class='ocrx_word' id='word_1_358' title='bbox 1217 1112 1423 1134; x_wconf 88' lang='lat' dir='ltr'>communem</span> <span class='ocrx_word' id='word_1_359' title='bbox 1443 1101 1591 1134; x_wconf 90' lang='lat' dir='ltr'>omnium</span> <span class='ocrx_word' id='word_1_360' title='bbox 1615 1100 1763 1134; x_wconf 86' lang='lat' dir='ltr'>notitiam</span> <span class='ocrx_word' id='word_1_361' title='bbox 1783 1100 1833 1133; x_wconf 79' lang='lat' dir='ltr'>fa·</span> <span class='ocrx_word' id='word_1_362' title='bbox 1847 1095 1912 1116; x_wconf 62' lang='lat'>‘&#39;³¹¹“</span> <span class='ocrx_word' id='word_1_363' title='bbox 1926 1094 1952 1116; x_wconf 69' lang='lat'>¹¹³</span> <span class='ocrx_word' id='word_1_364' title='bbox 1979 1092 2021 1121; x_wconf 58' lang='grc' dir='ltr'>ω</span> 
     </span>
     <span class='ocr_line' id='line_1_73' title="bbox 1085 1154 1836 1196; baseline 0.001 -10"><span class='ocrx_word' id='word_1_365' title='bbox 1085 1154 1177 1187; x_wconf 82' lang='lat' dir='ltr'>cilius</span> <span class='ocrx_word' id='word_1_366' title='bbox 1205 1155 1417 1196; x_wconf 82' lang='lat' dir='ltr'>deducantur,</span> <span class='ocrx_word' id='word_1_367' title='bbox 1443 1156 1592 1188; x_wconf 89' lang='lat' dir='ltr'>iubemus</span> <span class='ocrx_word' id='word_1_368' title='bbox 1616 1155 1687 1187; x_wconf 91' lang='lat' dir='ltr'>illas</span> <span class='ocrx_word' id='word_1_369' title='bbox 1707 1154 1741 1187; x_wconf 93' lang='lat' dir='ltr'>in</span> <span class='ocrx_word' id='word_1_370' title='bbox 1770 1154 1836 1187; x_wconf 87' lang='lat' dir='ltr'>val-</span> 
     </span>
     <span class='ocr_line' id='line_1_74' title="bbox 1084 1207 1837 1242; baseline 0 -2"><span class='ocrx_word' id='word_1_371' title='bbox 1084 1207 1128 1240; x_wconf 91' lang='lat' dir='ltr'>vis</span> <span class='ocrx_word' id='word_1_372' title='bbox 1140 1207 1345 1242; x_wconf 85' lang='lat' dir='ltr'>basilicarum</span> <span class='ocrx_word' id='word_1_373' title='bbox 1358 1209 1465 1242; x_wconf 86' lang='lat' dir='ltr'>Sancti</span> <span class='ocrx_word' id='word_1_374' title='bbox 1474 1208 1603 1242; x_wconf 86' lang='lat' dir='ltr'>loannis</span> <span class='ocrx_word' id='word_1_375' title='bbox 1614 1207 1837 1241; x_wconf 88' lang='lat' dir='ltr'>Lateranensis</span> 
     </span>
     <span class='ocr_line' id='line_1_75' title="bbox 1085 1260 1836 1306; baseline 0 -12"><span class='ocrx_word' id='word_1_376' title='bbox 1085 1266 1114 1294; x_wconf 87' lang='lat' dir='ltr'>et</span> <span class='ocrx_word' id='word_1_377' title='bbox 1132 1261 1291 1306; x_wconf 89' lang='lat' dir='ltr'>Principis</span> <span class='ocrx_word' id='word_1_378' title='bbox 1311 1263 1532 1306; x_wconf 84' lang='lat' dir='ltr'>apostolorum</span> <span class='ocrx_word' id='word_1_379' title='bbox 1552 1262 1590 1295; x_wconf 90' lang='lat' dir='ltr'>de</span> <span class='ocrx_word' id='word_1_380' title='bbox 1610 1261 1714 1302; x_wconf 89' lang='lat' dir='ltr'>Urbe,</span> <span class='ocrx_word' id='word_1_381' title='bbox 1741 1271 1778 1294; x_wconf 89' lang='lat' dir='ltr'>ac</span> <span class='ocrx_word' id='word_1_382' title='bbox 1802 1260 1836 1294; x_wconf 90' lang='lat' dir='ltr'>in</span> 
     </span>
     <span class='ocr_line' id='line_1_76' title="bbox 1084 1313 1832 1359; baseline -0.001 -12"><span class='ocrx_word' id='word_1_383' title='bbox 1084 1314 1151 1347; x_wconf 89' lang='lat' dir='ltr'>acie</span> <span class='ocrx_word' id='word_1_384' title='bbox 1183 1314 1294 1358; x_wconf 89' lang='lat' dir='ltr'>Campi</span> <span class='ocrx_word' id='word_1_385' title='bbox 1325 1315 1439 1349; x_wconf 89' lang='lat' dir='ltr'>Florae</span> <span class='ocrx_word' id='word_1_386' title='bbox 1469 1314 1554 1358; x_wconf 82' lang='lat' dir='ltr'>affigi</span> <span class='ocrx_word' id='word_1_387' title='bbox 1583 1325 1640 1348; x_wconf 88' lang='lat' dir='ltr'>seu</span> <span class='ocrx_word' id='word_1_388' title='bbox 1672 1313 1832 1359; x_wconf 89' lang='lat' dir='ltr'>appendi,</span> 
     </span>
     <span class='ocr_line' id='line_1_77' title="bbox 1085 1367 1835 1413; baseline 0 -13"><span class='ocrx_word' id='word_1_389' title='bbox 1085 1367 1192 1412; x_wconf 53' lang='lat' dir='ltr'>eisque</span> <span class='ocrx_word' id='word_1_390' title='bbox 1217 1369 1380 1410; x_wconf 86' lang='lat' dir='ltr'>detractis,</span> <span class='ocrx_word' id='word_1_391' title='bbox 1402 1369 1545 1413; x_wconf 89' lang='lat' dir='ltr'>ipsarum</span> <span class='ocrx_word' id='word_1_392' title='bbox 1565 1367 1835 1413; x_wconf 72' lang='lat' dir='ltr'>exempla,etiam</span> 
     </span>
     <span class='ocr_line' id='line_1_78' title="bbox 1085 1421 1835 1466; baseline -0.001 -10"><span class='ocrx_word' id='word_1_393' title='bbox 1085 1423 1250 1466; x_wconf 86' lang='lat' dir='ltr'>impressa,</span> <span class='ocrx_word' id='word_1_394' title='bbox 1286 1423 1407 1457; x_wconf 87' lang='lat' dir='ltr'>eisdem</span> <span class='ocrx_word' id='word_1_395' title='bbox 1430 1423 1465 1456; x_wconf 91' lang='lat' dir='ltr'>in</span> <span class='ocrx_word' id='word_1_396' title='bbox 1495 1423 1575 1457; x_wconf 91' lang='lat' dir='ltr'>locis</span> <span class='ocrx_word' id='word_1_397' title='bbox 1606 1422 1698 1456; x_wconf 78' lang='lat' dir='ltr'>affixa</span> <span class='ocrx_word' id='word_1_398' title='bbox 1734 1421 1835 1455; x_wconf 89' lang='lat' dir='ltr'>relin-</span> 
     </span>
     <span class='ocr_line' id='line_1_79' title="bbox 1086 1476 1150 1521; baseline 0.016 -11"><span class='ocrx_word' id='word_1_399' title='bbox 1086 1476 1150 1521; x_wconf 50' lang='lat' dir='ltr'>qui.</span> 
     </span>
    </p>

    <p class='ocr_par' dir='ltr' id='par_1_11' title="bbox 1080 1529 1833 2327">
     <span class='ocr_line' id='line_1_80' title="bbox 1127 1529 1831 1575; baseline -0.004 -10"><span class='ocrx_word' id='word_1_400' title='bbox 1127 1531 1142 1574; x_wconf 63' lang='grc' dir='ltr'><strong>ἓ</strong></span> <span class='ocrx_word' id='word_1_401' title='bbox 1165 1531 1196 1565; x_wconf 94' lang='lat'>7.</span> <span class='ocrx_word' id='word_1_402' title='bbox 1223 1531 1261 1564; x_wconf 89' lang='lat' dir='ltr'>Et</span> <span class='ocrx_word' id='word_1_403' title='bbox 1273 1531 1406 1575; x_wconf 88' lang='lat' dir='ltr'>insuper</span> <span class='ocrx_word' id='word_1_404' title='bbox 1418 1530 1574 1564; x_wconf 87' lang='lat' dir='ltr'>universis</span> <span class='ocrx_word' id='word_1_405' title='bbox 1585 1535 1616 1563; x_wconf 92' lang='lat' dir='ltr'>et</span> <span class='ocrx_word' id='word_1_406' title='bbox 1631 1529 1768 1573; x_wconf 86' lang='lat' dir='ltr'>singulis</span> <span class='ocrx_word' id='word_1_407' title='bbox 1777 1539 1831 1562; x_wconf 89' lang='lat' dir='ltr'>ve-</span> 
     </span>
     <span class='ocr_line' id='line_1_81' title="bbox 1085 1583 1828 1628; baseline 0.001 -13"><span class='ocrx_word' id='word_1_408' title='bbox 1085 1584 1281 1619; x_wconf 84' lang='lat' dir='ltr'>nerabilibus</span> <span class='ocrx_word' id='word_1_409' title='bbox 1308 1585 1461 1618; x_wconf 82' lang='lat' dir='ltr'>fratribus</span> <span class='ocrx_word' id='word_1_410' title='bbox 1486 1584 1604 1618; x_wconf 90' lang='lat' dir='ltr'>nostris</span> <span class='ocrx_word' id='word_1_411' title='bbox 1623 1583 1828 1628; x_wconf 87' lang='lat' dir='ltr'>patriarchis,</span> 
     </span>
     <span class='ocr_line' id='line_1_82' title="bbox 1084 1637 1833 1683; baseline 0 -12"><span class='ocrx_word' id='word_1_412' title='bbox 1084 1638 1554 1683; x_wconf 80' lang='lat' dir='ltr'>primatibus,archiepiscopis,</span> <span class='ocrx_word' id='word_1_413' title='bbox 1567 1637 1737 1682; x_wconf 90' lang='lat' dir='ltr'>episcopis,</span> <span class='ocrx_word' id='word_1_414' title='bbox 1747 1639 1833 1671; x_wconf 91' lang='lat' dir='ltr'>loco-</span> 
     </span>
     <span class='ocr_line' id='line_1_83' title="bbox 1085 1690 1832 1736; baseline 0 -12"><span class='ocrx_word' id='word_1_415' title='bbox 1085 1703 1153 1725; x_wconf 86' lang='lat' dir='ltr'>rum</span> <span class='ocrx_word' id='word_1_416' title='bbox 1166 1692 1339 1726; x_wconf 88' lang='lat' dir='ltr'>ordinariis</span> <span class='ocrx_word' id='word_1_417' title='bbox 1359 1698 1390 1726; x_wconf 88' lang='lat' dir='ltr'>et</span> <span class='ocrx_word' id='word_1_418' title='bbox 1410 1690 1570 1736; x_wconf 84' lang='lat' dir='ltr'>praelatis,</span> <span class='ocrx_word' id='word_1_419' title='bbox 1585 1701 1710 1725; x_wconf 87' lang='lat' dir='ltr'>necnon</span> <span class='ocrx_word' id='word_1_420' title='bbox 1726 1691 1832 1735; x_wconf 90' lang='lat' dir='ltr'>inqui-</span> 
     </span>
     <span class='ocr_line' id='line_1_84' title="bbox 1085 1739 1831 1785; baseline 0.001 -12"><span class='ocrx_word' id='word_1_421' title='bbox 1085 1740 1234 1775; x_wconf 73' lang='lat' dir='ltr'>÷itoribus</span> <span class='ocrx_word' id='word_1_422' title='bbox 1270 1741 1452 1775; x_wconf 88' lang='lat' dir='ltr'>haereticae</span> <span class='ocrx_word' id='word_1_423' title='bbox 1493 1739 1656 1785; x_wconf 88' lang='lat' dir='ltr'>pravitatis</span> <span class='ocrx_word' id='word_1_424' title='bbox 1696 1739 1831 1774; x_wconf 87' lang='lat' dir='ltr'>ubilibet</span> 
     </span>
     <span class='ocr_line' id='line_1_85' title="bbox 1089 1789 1829 1835; baseline 0.001 -13"><span class='ocrx_word' id='word_1_425' title='bbox 1089 1791 1274 1832; x_wconf 81' lang='lat' dir='ltr'>:onstitutis‚</span> <span class='ocrx_word' id='word_1_426' title='bbox 1301 1802 1359 1835; x_wconf 90' lang='lat' dir='ltr'>per</span> <span class='ocrx_word' id='word_1_427' title='bbox 1380 1791 1460 1824; x_wconf 87' lang='lat' dir='ltr'>haec</span> <span class='ocrx_word' id='word_1_428' title='bbox 1485 1789 1726 1830; x_wconf 88' lang='lat' dir='ltr'>committimus,</span> <span class='ocrx_word' id='word_1_429' title='bbox 1746 1794 1778 1823; x_wconf 88' lang='lat' dir='ltr'>et</span> <span class='ocrx_word' id='word_1_430' title='bbox 1795 1789 1829 1823; x_wconf 87' lang='lat' dir='ltr'>in</span> 
     </span>
     <span class='ocr_line' id='line_1_86' title="bbox 1086 1839 1828 1883; baseline 0.003 -13"><span class='ocrx_word' id='word_1_431' title='bbox 1086 1839 1195 1873; x_wconf 64' lang='lat' dir='ltr'>virtute</span> <span class='ocrx_word' id='word_1_432' title='bbox 1215 1846 1342 1873; x_wconf 86' lang='lat' dir='ltr'>sanctae</span> <span class='ocrx_word' id='word_1_433' title='bbox 1361 1839 1562 1873; x_wconf 86' lang='lat' dir='ltr'>obedientiae</span> <span class='ocrx_word' id='word_1_434' title='bbox 1579 1839 1722 1872; x_wconf 85' lang='lat' dir='ltr'>districte</span> <span class='ocrx_word' id='word_1_435' title='bbox 1734 1849 1828 1883; x_wconf 87' lang='lat' dir='ltr'>prae-</span> 
     </span>
     <span class='ocr_line' id='line_1_87' title="bbox 1093 1888 1830 1932; baseline 0.003 -12"><span class='ocrx_word' id='word_1_436' title='bbox 1093 1889 1231 1932; x_wconf 86' lang='lat' dir='ltr'>·ipiendo</span> <span class='ocrx_word' id='word_1_437' title='bbox 1256 1889 1446 1922; x_wconf 86' lang='lat' dir='ltr'>mandamus</span> <span class='ocrx_word' id='word_1_438' title='bbox 1479 1893 1529 1929; x_wconf 92' lang='lat' dir='ltr'>ut,</span> <span class='ocrx_word' id='word_1_439' title='bbox 1555 1899 1614 1932; x_wconf 89' lang='lat' dir='ltr'>per</span> <span class='ocrx_word' id='word_1_440' title='bbox 1643 1897 1676 1921; x_wconf 90' lang='lat' dir='ltr'>se</span> <span class='ocrx_word' id='word_1_441' title='bbox 1709 1888 1759 1921; x_wconf 90' lang='lat' dir='ltr'>vel</span> <span class='ocrx_word' id='word_1_442' title='bbox 1793 1899 1830 1922; x_wconf 88' lang='lat' dir='ltr'>a-</span> 
     </span>
     <span class='ocr_line' id='line_1_88' title="bbox 1094 1936 1830 1984; baseline 0.001 -14"><span class='ocrx_word' id='word_1_443' title='bbox 1094 1939 1160 1971; x_wconf 84' lang='lat' dir='ltr'>ium</span> <span class='ocrx_word' id='word_1_444' title='bbox 1180 1949 1237 1972; x_wconf 92' lang='lat' dir='ltr'>seu</span> <span class='ocrx_word' id='word_1_445' title='bbox 1260 1939 1352 1984; x_wconf 80' lang='lat' dir='ltr'>alios,</span> <span class='ocrx_word' id='word_1_446' title='bbox 1378 1938 1505 1972; x_wconf 87' lang='lat' dir='ltr'>easdem</span> <span class='ocrx_word' id='word_1_447' title='bbox 1530 1942 1717 1982; x_wconf 86' lang='lat' dir='ltr'>praesentes</span> <span class='ocrx_word' id='word_1_448' title='bbox 1743 1936 1830 1971; x_wconf 91' lang='lat' dir='ltr'>litte-</span> 
     </span>
     <span class='ocr_line' id='line_1_89' title="bbox 1085 1986 1830 2032; baseline 0 -13"><span class='ocrx_word' id='word_1_449' title='bbox 1085 1999 1144 2028; x_wconf 66' lang='lat' dir='ltr'>ras,</span> <span class='ocrx_word' id='word_1_450' title='bbox 1167 1994 1337 2032; x_wconf 89' lang='lat' dir='ltr'>postquam</span> <span class='ocrx_word' id='word_1_451' title='bbox 1357 1998 1410 2021; x_wconf 85' lang='lat' dir='ltr'>eas</span> <span class='ocrx_word' id='word_1_452' title='bbox 1433 1986 1616 2031; x_wconf 90' lang='lat' dir='ltr'>receperint</span> <span class='ocrx_word' id='word_1_453' title='bbox 1638 1997 1695 2019; x_wconf 90' lang='lat' dir='ltr'>seu</span> <span class='ocrx_word' id='word_1_454' title='bbox 1717 1996 1830 2019; x_wconf 88' lang='lat' dir='ltr'>earum</span> 
     </span>
     <span class='ocr_line' id='line_1_90' title="bbox 1082 2035 1831 2080; baseline -0.001 -11"><span class='ocrx_word' id='word_1_455' title='bbox 1082 2037 1226 2070; x_wconf 86' lang='lat' dir='ltr'>notitiam</span> <span class='ocrx_word' id='word_1_456' title='bbox 1243 2037 1429 2077; x_wconf 90' lang='lat' dir='ltr'>habuerint,</span> <span class='ocrx_word' id='word_1_457' title='bbox 1452 2037 1485 2070; x_wconf 92' lang='lat' dir='ltr'>in</span> <span class='ocrx_word' id='word_1_458' title='bbox 1504 2036 1571 2070; x_wconf 88' lang='lat' dir='ltr'>suis</span> <span class='ocrx_word' id='word_1_459' title='bbox 1590 2035 1763 2078; x_wconf 76' lang='lat' dir='ltr'>etsingulis</span> <span class='ocrx_word' id='word_1_460' title='bbox 1776 2046 1831 2080; x_wconf 87' lang='lat' dir='ltr'>pa-</span> 
     </span>
     <span class='ocr_line' id='line_1_91' title="bbox 1082 2084 1830 2128; baseline -0.003 -9"><span class='ocrx_word' id='word_1_461' title='bbox 1082 2086 1279 2120; x_wconf 85' lang='lat' dir='ltr'>rochialibus</span> <span class='ocrx_word' id='word_1_462' title='bbox 1299 2086 1463 2127; x_wconf 87' lang='lat' dir='ltr'>ecclesiis,</span> <span class='ocrx_word' id='word_1_463' title='bbox 1495 2087 1571 2119; x_wconf 90' lang='lat' dir='ltr'>dum</span> <span class='ocrx_word' id='word_1_464' title='bbox 1592 2085 1626 2118; x_wconf 92' lang='lat' dir='ltr'>in</span> <span class='ocrx_word' id='word_1_465' title='bbox 1645 2085 1691 2118; x_wconf 81' lang='lat' dir='ltr'>eis</span> <span class='ocrx_word' id='word_1_466' title='bbox 1717 2084 1830 2128; x_wconf 86' lang='lat' dir='ltr'>populi</span> 
     </span>
     <span class='ocr_line' id='line_1_92' title="bbox 1082 2133 1828 2175; baseline -0.003 -7"><span class='ocrx_word' id='word_1_467' title='bbox 1082 2136 1252 2169; x_wconf 86' lang='lat' dir='ltr'>multitudo</span> <span class='ocrx_word' id='word_1_468' title='bbox 1261 2136 1301 2169; x_wconf 91' lang='lat' dir='ltr'>ad</span> <span class='ocrx_word' id='word_1_469' title='bbox 1310 2135 1415 2169; x_wconf 86' lang='lat' dir='ltr'>divina</span> <span class='ocrx_word' id='word_1_470' title='bbox 1426 2134 1609 2168; x_wconf 79' lang='lat' dir='ltr'>convenerit</span> <span class='ocrx_word' id='word_1_471' title='bbox 1616 2133 1743 2175; x_wconf 86' lang='lat' dir='ltr'>‚deinde</span> <span class='ocrx_word' id='word_1_472' title='bbox 1751 2144 1828 2167; x_wconf 87' lang='lat' dir='ltr'>vero</span> 
     </span>
     <span class='ocr_line' id='line_1_93' title="bbox 1080 2182 1829 2228; baseline -0.004 -10"><span class='ocrx_word' id='word_1_473' title='bbox 1080 2186 1178 2218; x_wconf 89' lang='lat' dir='ltr'>semel</span> <span class='ocrx_word' id='word_1_474' title='bbox 1199 2185 1232 2218; x_wconf 93' lang='lat' dir='ltr'>in</span> <span class='ocrx_word' id='word_1_475' title='bbox 1248 2195 1344 2225; x_wconf 89' lang='lat' dir='ltr'>anno,</span> <span class='ocrx_word' id='word_1_476' title='bbox 1367 2189 1396 2217; x_wconf 88' lang='lat' dir='ltr'>et</span> <span class='ocrx_word' id='word_1_477' title='bbox 1411 2184 1535 2228; x_wconf 89' lang='lat' dir='ltr'>quoties</span> <span class='ocrx_word' id='word_1_478' title='bbox 1549 2183 1596 2216; x_wconf 89' lang='lat' dir='ltr'>eis</span> <span class='ocrx_word' id='word_1_479' title='bbox 1616 2182 1766 2226; x_wconf 88' lang='lat' dir='ltr'>expedire</span> <span class='ocrx_word' id='word_1_480' title='bbox 1785 2182 1829 2215; x_wconf 91' lang='lat' dir='ltr'>vi-</span> 
     </span>
     <span class='ocr_line' id='line_1_94' title="bbox 1081 2232 1828 2277; baseline -0.001 -11"><span class='ocrx_word' id='word_1_481' title='bbox 1081 2234 1219 2274; x_wconf 86' lang='lat' dir='ltr'>debitur,</span> <span class='ocrx_word' id='word_1_482' title='bbox 1246 2234 1370 2277; x_wconf 79' lang='lat' dir='ltr'>vulgari</span> <span class='ocrx_word' id='word_1_483' title='bbox 1402 2243 1552 2267; x_wconf 88' lang='lat' dir='ltr'>sermone</span> <span class='ocrx_word' id='word_1_484' title='bbox 1580 2232 1746 2276; x_wconf 88' lang='lat' dir='ltr'>publicent</span> <span class='ocrx_word' id='word_1_485' title='bbox 1773 2237 1828 2266; x_wconf 87' lang='lat' dir='ltr'>aut</span> 
     </span>
     <span class='ocr_line' id='line_1_95' title="bbox 1081 2282 1392 2327; baseline -0.006 -11"><span class='ocrx_word' id='word_1_486' title='bbox 1081 2282 1239 2327; x_wconf 86' lang='lat' dir='ltr'>publicari</span> <span class='ocrx_word' id='word_1_487' title='bbox 1264 2282 1392 2315; x_wconf 87' lang='lat' dir='ltr'>saciant.</span> 
     </span>
    </p>

    <p class='ocr_par' dir='ltr' id='par_1_12' title="bbox 1123 2330 1615 2375">
     <span class='ocr_line' id='line_1_96' title="bbox 1123 2330 1615 2375; baseline -0.002 -10"><span class='ocrx_word' id='word_1_488' title='bbox 1123 2332 1138 2375; x_wconf 67' lang='grc' dir='ltr'>ξ,</span> <span class='ocrx_word' id='word_1_489' title='bbox 1157 2331 1189 2365; x_wconf 89' lang='grc'>8.</span> <span class='ocrx_word' id='word_1_490' title='bbox 1215 2331 1293 2370; x_wconf 84' lang='lat' dir='ltr'>Quia</span> <span class='ocrx_word' id='word_1_491' title='bbox 1313 2342 1386 2365; x_wconf 91' lang='lat' dir='ltr'>vero</span> <span class='ocrx_word' id='word_1_492' title='bbox 1407 2330 1537 2364; x_wconf 86' lang='lat' dir='ltr'>difficile</span> <span class='ocrx_word' id='word_1_493' title='bbox 1557 2335 1615 2364; x_wconf 81' lang='lat' dir='ltr'>etc.</span> 
     </span>
    </p>

    <p class='ocr_par' dir='ltr' id='par_1_13' title="bbox 1121 2380 1380 2423">
     <span class='ocr_line' id='line_1_97' title="bbox 1121 2380 1380 2423; baseline 0 -10"><span class='ocrx_word' id='word_1_494' title='bbox 1121 2380 1205 2414; x_wconf 78' lang='lat' dir='ltr'>Nulli</span> <span class='ocrx_word' id='word_1_495' title='bbox 1222 2391 1298 2423; x_wconf 83' lang='lat' dir='ltr'>ergo</span> <span class='ocrx_word' id='word_1_496' title='bbox 1323 2385 1380 2413; x_wconf 82' lang='lat' dir='ltr'>etc.</span> 
     </span>
    </p>

    <p class='ocr_par' dir='ltr' id='par_1_14' title="bbox 1078 2426 1828 2620">
     <span class='ocr_line' id='line_1_98' title="bbox 1120 2426 1825 2472; baseline 0 -10"><span class='ocrx_word' id='word_1_497' title='bbox 1120 2429 1233 2463; x_wconf 86' lang='lat' dir='ltr'>Datum</span> <span class='ocrx_word' id='word_1_498' title='bbox 1254 2429 1373 2462; x_wconf 87' lang='lat' dir='ltr'>Romae</span> <span class='ocrx_word' id='word_1_499' title='bbox 1380 2429 1465 2472; x_wconf 84' lang='lat' dir='ltr'>apud</span> <span class='ocrx_word' id='word_1_500' title='bbox 1476 2428 1508 2462; x_wconf 91' lang='lat' dir='ltr'>S.</span> <span class='ocrx_word' id='word_1_501' title='bbox 1524 2428 1666 2470; x_wconf 83' lang='lat' dir='ltr'>Petrum,</span> <span class='ocrx_word' id='word_1_502' title='bbox 1677 2437 1761 2461; x_wconf 86' lang='lat' dir='ltr'>anno</span> <span class='ocrx_word' id='word_1_503' title='bbox 1771 2426 1825 2462; x_wconf 91' lang='lat' dir='ltr'>In-</span> 
     </span>
     <span class='ocr_line' id='line_1_99' title="bbox 1079 2476 1828 2520; baseline -0.004 -8"><span class='ocrx_word' id='word_1_504' title='bbox 1079 2479 1272 2512; x_wconf 81' lang='lat' dir='ltr'>carnationis</span> <span class='ocrx_word' id='word_1_505' title='bbox 1287 2478 1468 2511; x_wconf 85' lang='lat' dir='ltr'>dominicae</span> <span class='ocrx_word' id='word_1_506' title='bbox 1484 2476 1653 2510; x_wconf 88' lang='lat' dir='ltr'>millesimo</span> <span class='ocrx_word' id='word_1_507' title='bbox 1668 2476 1828 2520; x_wconf 60' lang='lat' dir='ltr'>quingen2</span> 
     </span>
     <span class='ocr_line' id='line_1_100' title="bbox 1079 2524 1818 2571; baseline -0.005 -10"><span class='ocrx_word' id='word_1_508' title='bbox 1079 2528 1189 2561; x_wconf 89' lang='lat' dir='ltr'>tesimo</span> <span class='ocrx_word' id='word_1_509' title='bbox 1210 2527 1427 2571; x_wconf 76' lang='lat' dir='ltr'>octuagesimo</span> <span class='ocrx_word' id='word_1_510' title='bbox 1442 2532 1543 2567; x_wconf 83' lang='lat' dir='ltr'>sexto,</span> <span class='ocrx_word' id='word_1_511' title='bbox 1560 2526 1653 2559; x_wconf 88' lang='lat' dir='ltr'>nonis</span> <span class='ocrx_word' id='word_1_512' title='bbox 1669 2524 1818 2567; x_wconf 87' lang='lat' dir='ltr'>ianuarii,</span> 
     </span>
     <span class='ocr_line' id='line_1_101' title="bbox 1078 2576 1582 2620; baseline -0.006 -10"><span class='ocrx_word' id='word_1_513' title='bbox 1078 2577 1280 2620; x_wconf 85' lang='lat' dir='ltr'>pontificatus</span> <span class='ocrx_word' id='word_1_514' title='bbox 1300 2576 1399 2609; x_wconf 89' lang='lat' dir='ltr'>nostri</span> <span class='ocrx_word' id='word_1_515' title='bbox 1415 2586 1499 2609; x_wconf 88' lang='lat' dir='ltr'>anno</span> <span class='ocrx_word' id='word_1_516' title='bbox 1518 2585 1539 2609; x_wconf 89' lang='lat'>1.</span> <span class='ocrx_word' id='word_1_517' title='bbox 1578 2602 1582 2606; x_wconf 87' lang='lat'>.</span> 
     </span>
    </p>

    <p class='ocr_par' dir='ltr' id='par_1_15' title="bbox 1153 2630 1735 2671">
     <span class='ocr_line' id='line_1_102' title="bbox 1153 2630 1735 2671; baseline -0.003 -11"><span class='ocrx_word' id='word_1_518' title='bbox 1153 2631 1215 2661; x_wconf 87' lang='lat' dir='ltr'>Dat.</span> <span class='ocrx_word' id='word_1_519' title='bbox 1235 2631 1282 2661; x_wconf 83' lang='lat' dir='ltr'>die</span> <span class='ocrx_word' id='word_1_520' title='bbox 1297 2630 1387 2661; x_wconf 85' lang='lat' dir='ltr'>5ian.</span> <span class='ocrx_word' id='word_1_521' title='bbox 1411 2630 1498 2667; x_wconf 75' lang='lat'>1585,</span> <span class='ocrx_word' id='word_1_522' title='bbox 1513 2633 1593 2669; x_wconf 86' lang='lat' dir='ltr'>pont.</span> <span class='ocrx_word' id='word_1_523' title='bbox 1615 2637 1692 2660; x_wconf 88' lang='lat' dir='ltr'>anno</span> <span class='ocrx_word' id='word_1_524' title='bbox 1712 2635 1735 2671; x_wconf 85' lang='lat'>¹:</span> 
     </span>
    </p>
   </div>
   <div class='ocr_carea' id='block_1_8' title="bbox 1870 1549 1973 1576">
    <p class='ocr_par' dir='ltr' id='par_1_16' title="bbox 1870 1549 1973 1576">
     <span class='ocr_line' id='line_1_103' title="bbox 1870 1549 1973 1576; baseline -0.01 -4"><span class='ocrx_word' id='word_1_525' title='bbox 1870 1549 1897 1572; x_wconf 74' lang='lat' dir='ltr'>m</span> <span class='ocrx_word' id='word_1_526' title='bbox 1909 1551 1973 1576; x_wconf 61' lang='lat' dir='ltr'>exta,</span> 
     </span>
    </p>
   </div>
   <div class='ocr_carea' id='block_1_9' title="bbox 1983 1158 2018 1857">
    <p class='ocr_par' dir='ltr' id='par_1_17' title="bbox 1983 1158 2018 1857">
     <span class='ocr_line' id='line_1_104' title="bbox 1983 1158 2018 1857; textangle 90"><span class='ocrx_word' id='word_1_527' title='bbox 2008 1855 2012 1857; x_wconf 74' lang='grc'><strong>,</strong></span> <span class='ocrx_word' id='word_1_528' title='bbox 1983 1256 2018 1811; x_wconf 48' lang='grc' dir='ltr'>ψυυυυκρΜι-»ωκη</span> <span class='ocrx_word' id='word_1_529' title='bbox 1990 1199 2013 1240; x_wconf 60' lang='grc' dir='ltr'>ιζ.</span> <span class='ocrx_word' id='word_1_530' title='bbox 2003 1158 2017 1187; x_wconf 64' lang='lat'>7-</span> 
     </span>
    </p>
   </div>
  </div>
 </body>
</html>
