2059 3228
768 249 944 276 GREGORIUS
962 250 1019 275 xm
1037 250 1086 275 Pr.

165 302 336 348 dignisque
359 308 489 337 aeterna
513 303 662 337 mercede
693 303 848 347 operariis
875 315 909 337 a-

164 356 313 392 bundare
337 362 485 398 conatur,
506 362 592 390 tanto
617 357 808 401 propensius
832 367 910 390 oon-

164 410 327 446 tendimus
365 421 435 444 eam
472 410 721 455 religiosamque
755 410 908 452 subinde,

165 473 262 508 quam
281 463 430 505 instituit,
452 464 589 508 prolem,
611 465 697 498 unde
717 470 782 498 tota
801 475 912 509 respu-

165 515 250 551 blica
267 516 442 551 christiana
465 517 587 562 ubique
611 518 808 557 sublevatur,
834 527 911 561 pro-

165 569 259 614 sequi
277 575 310 604 et
328 565 509 611 confovere,
529 571 691 615 simulque
724 571 832 604 omnia
860 581 911 604 re·

165 632 305 664 movere,
325 623 444 666 quibus
455 629 487 657 et
496 623 671 667 spiritualis
682 623 826 667 ipsorum
838 634 912 668 pro-

165 675 268 710 fe'ctus
286 677 454 717 retardari,
474 682 505 710 et
523 676 687 710 eharitatis
709 676 824 717 fervor,
856 676 912 719 qui

166 728 336 764 abeisdem
352 730 386 763 in
403 737 606 774 regeneratas
629 730 771 775 pretioso
786 730 912 763 Domini

165 782 268 817 nostri
286 783 358 817 Iesu
368 783 485 817 Christi
497 783 657 826 Sanguine
669 784 794 817 animas
808 795 840 817 se
852 784 912 817 dif-

165 835 283 878 fundst,
304 837 424 871 alieubi
435 837 621 881 frigescere,
638 837 736 870 autin
750 837 912 872 lubricum

168 889 312 925 defluere
330 896 449 936 posset.

211 944 228 988 ξ)
247 944 280 979 1.
301 944 380 978 Cum
399 945 498 986 enirn,
519 945 614 979 sicuti
634 945 722 978 iuxta
741 945 845 979 dictae
858 946 915 980 So-

76 1026 81 1027 7
101 1005 157 1024 00·-
168 995 293 1031 cietatis
311 998 557 1032 constitutiones
576 1004 609 1032 et
633 998 795 1032 laudabile
822 999 914 1032 insti-

143 1105 155 1110 “
168 1109 200 1138 et
207 1103 290 1138 Iulio
300 1104 397 1138 etiam
406 1106 503 1139 tertio
514 1105 754 1147 confirmatum,
769 1117 806 1139 ac
818 1106 913 1140 etiam

167 1167 187 1191 a
212 1156 313 1191 Paulo
346 1163 474 1202 quarto,
514 1159 667 1193 Romanis
703 1159 915 1193 Pontificibus

165 1211 431 1255 praedessoribus
440 1212 569 1253 nostris,
583 1212 826 1256 diligentissime
841 1224 914 1247 exa-

166 1263 338 1306 minatum,
359 1270 391 1299 et
409 1276 428 1299 a
447 1266 584 1299 coneilio
609 1266 796 1299 Tridentino
826 1277 914 1300 com-

115 1321 120 1326 “
167 1318 367 1360 mendatum,
387 1319 530 1352 Societas
550 1319 620 1363 ipsa
641 1329 706 1353 non
726 1320 830 1353 solum
842 1330 916 1363 pro-

94 1383 104 1393 ·
138 1367 142 1372 '
166 1369 258 1404 fessis
277 1376 309 1405 et
326 1371 467 1413 novitiis,
489 1372 583 1406 sicuti
603 1378 634 1406 et
652 1372 770 1415 reliqui
790 1373 916 1415 regula-

166 1433 219 1458 res
237 1424 384 1468 Ordines,
406 1431 541 1467 constet,
568 1427 623 1460 sed
646 1426 726 1459 varii
750 1426 784 1458 in
803 1427 916 1460 eadem

167 1477 325 1512 Societate
348 1480 574 1524 religiosarum
602 1490 815 1524 personarum
843 1491 915 1524 gra-

168 1535 229 1570 dus
246 1535 322 1578 sint,
343 1537 378 1570 in
401 1538 522 1581 quihus
545 1538 680 1582 singuli,
713 1539 800 1571 iuxta
827 1549 915 1572 com-

169 1588 259 1623 missi
281 1589 399 1634 cuique
422 1601 441 1624 a
464 1601 580 1635 magno
617 1592 851 1625 Patrefamilias
868 1597 916 1625 ta-

168 1642 248 1676 lenti
265 1653 452 1678 mensuram
473 1645 774 1689 etpraepositorum
783 1656 916 1678 suornm

169 1695 394 1738 directionem,
414 1697 577 1731 Altissimo
597 1698 807 1739 famulantum
835 1699 919 1736 siem

169 1748 257 1784 enim
279 1749 355 1784 finis
373 1750 478 1785 dictae
494 1751 662 1785 Societatis
680 1758 727 1785 est
745 1752 820 1786 fidei
840 1764 916 1797 pro-

168 1802 297 1848 pagatio
315 1809 348 1838 et
364 1804 517 1846 defensio,
537 1805 784 1849 animarumque
804 1806 837 1838 in
856 1807 917 1839 vita

170 1861 203 1891 et
211 1857 357 1892 doctrina
367 1859 542 1893 christiana
551 1870 753 1904 progressus,
764 1860 808 1892 ita
822 1860 917 1893 etiam

142 1944 148 1951 ,
170 1911 292 1954 gratiae
310 1911 380 1945 eius
412 1912 589 1946 vocationis
608 1913 778 1956 proprium
799 1919 846 1946 est
869 1913 918 1946 di-

170 1973 263 1998 versa
274 1965 347 1999 loca
366 1976 404 1999 ex
421 1963 557 1999 Romani
581 1966 747 1999 Pontifieis
770 1977 808 2000 ae
827 1977 920 2011 prae-

171 2017 268 2061 positi
291 2019 451 2062 generalis
474 2019 617 2053 eiusdem
642 2019 809 2053 Societatis
834 2020 919 2053 dire-

173 2070 280 2106 ctione
315 2082 500 2117 peragrare,
538 2073 700 2117 vitamque
737 2073 772 2106 in
809 2075 920 2117 quavis

173 2125 287 2159 mundi
297 2131 388 2170 parte
401 2124 582 2169 agei'e,‘11bi
592 2127 787 2161 laboriosam
807 2138 920 2160 eorum

144 2187 148 2190 ·
174 2187 307 2222 operam
314 2179 544 2213 etindustriam
555 2180 754 2214 fructuosam
765 2180 922 2224 copiosio-

175 2241 229 2264 res
241 2232 466 2265 salvandarum
484 2232 667 2266 animarum
688 2238 863 2277 proventus
882 2233 921 2266 ad

174 2282 232 2317 nei
241 2285 504 2328 aeternigloriam
514 2287 668 2330 consequi
677 2297 770 2330 posse
779 2292 919 2330 sperant,

177 2335 218 2370 ad
235 2347 333 2381 quem
352 2337 449 2372 finem
470 2339 607 2383 Spiritus
626 2339 772 2380 Sanetus,
794 2340 849 2383 qui
864 2339 922 2372 bo-

176 2395 239 2424 nae
257 2391 432 2425 memoriae
448 2392 605 2435 Ignatium
629 2393 791 2436 Loyolam,
825 2393 923 2437 ipsius

178 2443 344 2479 Societatis
362 2445 590 2485 institutorem,
612 2446 747 2489 eiusque
760 2447 863 2479 socios
875 2457 926 2479 ex-

180 2492 298 2534 citavit,
319 2493 428 2527 media
451 2494 545 2527 etiam
574 2495 741 2538 praeclara
769 2495 924 2527 maxime-

119 2539 128 2549 '
179 2549 445 2587 queopportuna‚
466 2543 659 2576 huiusSedis
680 2544 867 2584 ministerio,
882 2544 926 2577 eis

149 2628 156 2639 ι
181 2590 294 2625 tribuit
313 2597 410 2635 atque
421 2591 633 2630 confirmarit,
648 2591 853 2635 publicarum
864 2592 926 2625 sci-

179 2638 256 2678 licet
277 2641 553 2687 praedicationum
573 2640 659 2674 verbi
673 2640 740 2683 Dei,
758 2641 924 2675 ministerii

953 303 1187 346 cuiuscumque
1207 302 1435 347 -spiritualium
1471 303 1700 338 exercitiorum

953 361 983 389 et
1023 355 1188 388 eharitatis
1225 367 1372 400 operum,
1416 357 1636 390 Poenitentiae
1668 362 1700 391 et

952 408 1170 442 Eucharistiae
1195 417 1468 444 sacramentorum
1495 411 1701 445 administra-

954 462 1050 495 tionis
1074 473 1112 496 ac
1136 463 1310 506 frequenti<
1336 476 1422 503 usus,
1450 465 1489 497 ad
1515 475 1599 508 quae
1640 474 1701 508 pro

953 515 1109 559 dignitate
1137 518 1323 560 exequenda
1363 525 1393 550 et
1422 518 1461 550 ad
1497 518 1701 552 difficultates

953 570 1151 612 superandas
1179 570 1409 614 subeundaque
1439 571 1599 614 pericula,
1627 570 1701 615 quj-

953 622 1013 655 bus
1048 622 1151 659 dictae
1175 622 1341 656 Societatis
1365 624 1505 667 religiosi
1530 624 1562 657 in
1586 624 1701 658 huius-

954 675 1042 709 modi
1062 676 1305 710 excursionibus
1331 683 1362 710 et
1390 677 1573 711 ministeriis
1602 687 1701 722 expo-

954 736 1089 770 nuntur,
1111 741 1185 763 cum
1204 730 1284 763 haec
1309 742 1460 773 magnum
1486 738 1552 764 tum
1576 731 1703 765 virtutis

954 789 1023 816 tum
1043 784 1223 817 devotionis
1239 784 1437 827 praesidium
1449 786 1623 828 postulent,
1638 791 1704 819 sta-

956 841 1061 870 tutum
1081 842 1128 870 est
1147 842 1182 870 ut
1201 843 1232 870 et
1251 837 1361 871 novitii
1381 838 1414 870 in
1434 838 1589 872 Societate
1608 849 1704 882 prae-

955 890 1039 923 dicta
1059 901 1117 934 per
1135 890 1259 924 biennii
1284 891 1423 935 spatium
1449 891 1639 934 probentur,
1673 896 1704 926 et

954 943 1022 987 qui,
1046 945 1170 989 expleto
1191 945 1359 987 novitiatu,
1377 945 1491 978 litteris
1505 956 1636 989 operam
1646 945 1702 979 de-

956 998 1072 1039 derint,
1092 998 1221 1031 illarum
1241 998 1355 1031 studiis
1375 998 1542 1039 absolutis,
1571 999 1704 1032 tertium

956 1051 1053 1084 etiam
1085 1062 1206 1085 annum
1235 1052 1435 1096 probationis
1460 1052 1494 1084 in
1512 1052 1704 1086 humilitatis

956 1105 1115 1138 exercitiis
1138 1106 1330 1150 expendant,
1352 1111 1387 1139 ut
1406 1106 1432 1139 si
1453 1116 1515 1149 qua
1536 1106 1568 1138 in
1587 1117 1634 1147 re,
1655 1106 1704 1140 vel

956 1159 1053 1192 huius
1063 1160 1190 1192 virtutis
1201 1171 1292 1193 amor
1303 1161 1352 1193 vel
1363 1160 1465 1204 pietas
1475 1171 1512 1193 ac
1523 1159 1702 1193 devotionis

956 1213 1061 1246 fervor
1088 1224 1146 1257 per
1177 1214 1358 1247 litterarum
1378 1213 1625 1257 occupationem
1638 1214 1702 1246 dis-

956 1272 1076 1299 tractus
1096 1266 1282 1310 intepuerit,
1302 1277 1360 1310 per
1388 1267 1574 1300 earumdem
1600 1266 1703 1299 virtu-

956 1325 1025 1351 tum
1045 1319 1300 1363 frequentiorem
1321 1320 1583 1353 exercitationem
1607 1325 1638 1353 et
1654 1319 1704 1352 di-

956 1372 1047 1406 vinae
1072 1374 1192 1416 gratiae
1220 1374 1436 1407 ardentiorem
1467 1364 1704 1407 invocationem

957 1432 1173 1467 restauretur,
1195 1427 1250 1470 qui
1267 1427 1352 1460 enim
1365 1427 1597 1471 professionem
1613 1427 1704 1460 emit-

957 1485 1025 1513 tere
1042 1480 1170 1520 debent,
1193 1491 1247 1514 eos
1258 1481 1382 1514 vocatio
1394 1481 1472 1514 haee
1481 1481 1564 1514 viros
1578 1481 1611 1514 in
1621 1481 1705 1514 vitae

958 1534 1098 1577 puritate
1113 1545 1150 1568 ac
1168 1535 1283 1568 litteris
1303 1535 1507 1577 conspicuos,
1526 1535 1704 1569 diuturnis-

958 1598 1021 1631 que
1045 1593 1076 1620 et
1100 1588 1352 1631 diligentissimis
1377 1588 1602 1632 experimentis
1627 1599 1705 1633 pro-

957 1642 1060 1683 batOS‚
1083 1654 1203 1686 eosque
1223 1643 1406 1676 sacerdotes
1431 1649 1461 1676 et
1487 1643 1519 1676 iu
1544 1644 1630 1676 verbi
1649 1643 1706 1677 Dei

958 1707 995 1730 ac
1023 1702 1300 1731 sacramentorum
1338 1697 1616 1730 administratione
1650 1697 1706 1731 diu

959 1750 1162 1794 multumque
1176 1757 1316 1785 versatos
1345 1751 1452 1795 exigit,
1474 1756 1509 1783 ut
1528 1757 1559 1784 et
1587 1751 1706 1785 consti-

961 1804 1138 1837 tutionibus
1167 1805 1270 1839 dietae
1297 1805 1460 1839 Societatis
1481 1811 1511 1838 et
1530 1816 1547 1838 a
1567 1805 1707 1838 Summis

959 1857 1170 1891 Pontificibus
1191 1865 1235 1892 est
1258 1859 1435 1892 decretum.

1004 1911 1018 1954 ἓ
1038 1910 1070 1944 ⁶2.
1093 1912 1154 1944 Sed
1174 1923 1279 1955 neque
1299 1923 1411 1945 omnes
1428 1912 1619 1945 adeamdem
1632 1921 1708 1956 pro-

961 1964 1131 1998 fessionem
1149 1965 1256 1998 idonei
1276 1976 1344 1999 esse
1363 1971 1506 2009 possunt,
1526 1975 1631 2008 neque
1650 1964 1707 2008 qui

960 2018 1116 2062 temporis
1135 2029 1307 2062 progressu
1332 2018 1431 2051 futuri
1457 2024 1540 2058 sunt,
1561 2018 1639 2051 tales
1672 2027 1709 2052 e-

960 2071 1076 2104 radere
1095 2078 1149 2104 aut
1168 2071 1328 2114 cog-nosci,
1352 2072 1418 2105 sine
1438 2073 1532 2114 longa
1556 2071 1710 2104 exercita-

963 2125 1048 2158 tione
1067 2131 1162 2169 atque
1183 2126 1414 2169 experimento;
1436 2130 1634 2168 quapropter
1652 2124 1710 2158 So-

964 2179 1086 2212 cietatis
1107 2190 1224 2223 corpus
1244 2180 1277 2212 in
1297 2190 1356 2215 sua
1378 2179 1535 2218 membra,
1561 2178 1709 2211 ordinem

963 2238 993 2265 et
1019 2234 1136 2275 gradus
1160 2234 1243 2266 idem
1270 2233 1408 2276 Ignatius
1429 2233 1536 2265 divino
1556 2232 1709 2266 instinctu

964 2286 1006 2319 ita
1025 2287 1113 2319 duxit
1133 2287 1381 2330 tlispcuienttum,
1401 2292 1447 2326 ut,
1469 2286 1599 2319 biennio
1619 2286 1709 2319 novi-

964 2340 1059 2373 tiatus
1089 2341 1245 2375 absoluto,
1276 2351 1386 2373 omnes
1414 2340 1469 2382 qui
1499 2340 1532 2372 in
1552 2340 1710 2374 Societate

965 2404 1168 2437 perseverare
1189 2394 1361 2432 voluerint,
1383 2392 1442 2425 tria
1464 2398 1535 2425 vota
1564 2394 1711 2426 substan-

965 2447 1053 2480 tialia
1089 2447 1218 2490 quidem
1257 2445 1465 2489 paupertatis,
1492 2446 1653 2480 *castitatis
1681 2452 1712 2480 et

967 2496 1180 2531 obedientiae,
1221 2494 1379 2537 simplicia
1417 2500 1535 2535 tamen,
1567 2495 1712 2529 emittere

968 2544 1115 2582 debeant,
1134 2554 1169 2576 ao
1190 2543 1299 2576 novitii
1320 2554 1387 2576 esse
1406 2543 1569 2583 desinant,
1595 2543 1713 2587 quibus

968 2593 1048 2625 votis
1068 2592 1202 2632 emissis,
1220 2592 1251 2624 in
1264 2602 1380 2635 corpus
1392 2592 1536 2625 eiusdem
1547 2591 1714 2626 Societatis

945 2674 950 2688 Α
971 2641 1122 2689 cooptati,
1146 2646 1175 2673 et
1202 2647 1357 2685 quantum
1389 2652 1426 2674 ex
1453 2646 1543 2685 parte
1569 2641 1714 2685 ipsorum

1586 240 1653 276 407
1712 248 1768 278 An.
1781 246 1816 279 G.
1828 246 1900 278 ¹5⁸³
