2059 3228
100 211 153 240 An.
170 211 201 240 C.
218 212 285 242 1587

344 202 407 237 930

298 275 394 309 synae
415 272 473 307 pro
500 268 644 305 tempore
666 261 757 293 dictis
786 260 909 300 domui,
942 271 1051 293 mona-

298 319 395 351 sterio
416 328 451 349 ac
470 316 622 348 trau-ibus
642 316 754 347 sactae.
773 315 831 353 Oui
850 314 936 353 libri,
959 315 1050 358 quiu-

298 378 400 411 terna,
429 371 502 404 solia
532 380 648 412 resque
679 369 841 412 quaelibet
868 370 1050 413 praedictae

297 425 506 468 debcantper
529 423 633 456 simile
655 422 869 455 inwmarium
891 429 921 456 ct
941 423 1050 456 inven-

916 207 1093 231 ssULLARmM
1112 206 1263 231 Romnum

1068 274 1075 343 Ῐ
1092 258 1144 291 bet
1164 270 1200 292 cx
1221 258 1395 302 praedictis
1415 259 1579 302 ministris,
1596 261 1839 305 commissaxtis,

1090 312 1278 355 guardianis
1297 318 1329 346 et
1348 311 1501 346 fratribus
1525 323 1612 348 nunc
1635 321 1666 349 et
1683 327 1741 360 pro
1757 321 1839 350 tem-

1093 376 1170 409 pore
1191 366 1401 399 existentibus
1418 366 1495 400 dicti
1515 366 1643 401 Ordinis
1668 369 1839 411 Minorum,

1091 424 1259 462 asportans
1274 418 1419 462 *aliquid
1451 425 1506 453 aut
1529 422 1688 464 asportari
1721 423 1840 456 faciens

296 479 388 519 taria,
408 483 443 511 ut
459 488 556 521 supra
576 476 747 510 scribenda
767 480 797 509 et
816 476 1049 508 subscribenda
1067 470 1071 493 ⁴
1089 472 1136 505 vel
1159 473 1317 516 asportari
1331 473 1516 513 consulens,
1533 479 1588 506 aut
1602 484 1696 518 opem
1716 481 1771 509 aut
1785 487 1842 510 au-

296 542 314 564 a
329 532 424 565 dictis
440 531 618 574 guardiano
630 535 660 564 et
680 529 839 570 discretis,
862 535 893 562 et
913 530 945 562 iu
963 529 1048 562 dicto
1089 525 1215 566 xillum,
1239 531 1311 559 ante
1326 527 1375 560 vel
1396 531 1467 570 post
1486 527 1534 560 vel
1554 526 1587 559 in
1608 527 1677 571 ipso
1697 534 1770 561 actu
1789 539 1840 562 as-

296 591 369 618 actu
389 584 643 628 consignationis
660 595 734 618 cum
760 583 922 617 veteribus
943 583 1050 627 proxi·
1090 579 1254 622 portandi,
1273 579 1370 613 verbo
1387 591 1443 613 seu
1464 580 1546 613 facto
1567 586 1733 624 praestans
1752 587 1840 615 extra

296 649 347 671 me
372 639 643 682 praecedentibus
672 644 701 671 et
721 637 802 679 aliis,
823 638 943 681 quibus
967 648 1049 681 opus

296 693 368 733 erit,
391 692 579 725 ratiocinata
600 697 631 725 et
659 692 787 732 collata,
815 702 873 735 per
896 691 1048 735 guardia—

295 755 374 779 num
407 746 471 779 iam
503 745 647 779 officium
669 745 898 789 complentem,
936 756 994 778 seu
1031 755 1049 777 a

295 799 381 832 dicto
401 799 510 833 officio
530 798 762 842 guardianatus
785 810 842 832 seu
863 798 1050 832 commissa-

294 853 394 886 riatus
427 853 660 894 discedentem,
692 852 875 896 consignari
908 853 977 886 eius
1016 852 1048 885 in

293 907 403 941 officio
427 907 619 949 successori,
653 913 684 941 et
708 907 747 940 ab
779 907 893 941 eodem
922 917 1049 940 succes-

1070 648 1071 657 *
1090 632 1191 666 dictas
1210 632 1423 667 bibliothecas
1443 640 1557 667 contra
1589 634 1726 667 sormam
1746 645 1841 679 prae-

1090 686 1240 726 sentium,
1266 686 1382 719 debeat
1410 687 1449 720 ab
1481 687 1551 720 eius
1581 687 1766 721 immediate
1787 698 1841 721 su-

1090 739 1211 783 periori
1232 739 1416 781 incursuro,
1435 740 1503 774 sine
1527 741 1589 774 alia
1609 741 1838 783 declaratione,

1089 794 1195 826 Statim
1213 794 1315 827 dictas
1328 804 1440 828 omnes
1456 805 1588 838 poenaS,
1601 795 1627 828 si
1637 795 1718 829 haec
1732 795 1842 829 omnia

1090 847 1217 881 debitae
1252 848 1435 881 executioni
1459 858 1526 882 non
1559 848 1769 890 mandaverit,
1790 849 1840 882 in-

1090 902 1264 942 carcerari,
1287 907 1317 934 et
1341 902 1375 934 in
1396 902 1580 935 carceribus
1613 902 1752 936 detineri
1782 912 1842 946 per

1852 206 1908 238 An.
1921 207 1953 239 G.
1982 204 2016 235 ‘⁵2'

292 971 367 995 sore
392 962 426 994 in
463 961 647 1005 praesentia
676 961 940 1006 supradictorum
974 962 1049 994 sub·
1089 966 1143 988 sex
1166 959 1294 989 menses
1314 955 1503 996 COUssssUOS}
1525 966 1631 999 neque
1654 956 1772 1000 elaPSiS
1791 956 1841 989 di·

291 1014 403 1056 scribi}
425 1015 537 1059 sicque
554 1020 713 1059 perpetuo
734 1014 774 1047 ab
793 1014 881 1048 omni
899 1015 1049 1057 guardia-
1068 1006 1069 1041 l
1089 1009 1149 1042 CllS
1169 1019 1221 1042 sex
1242 1009 1408 1042 mensibus
1432 1008 1532 1053 pOSSlt
1551 1009 1589 1042 de
1613 1009 1707 1042 dictis
1731 1020 1840 1043 carce-

291 1078 335 1102 no
355 1079 413 1102 seu
425 1063 504 1103 ’eius
533 1070 765 1112 vicesgerente,
798 1073 971 1111 antequam
1000 1056 1069 1106 as-{
1089 1062 1179 1095 ribus
1199 1062 1343 1103 liberari,
1366 1063 1428 1096 nisi
1459 1063 1586 1096 resectis
1615 1063 1767 1097 omnihus
1787 1063 1843 1096 da-

291 1128 398 1155 sumat
419 1133 538 1156 munus
567 1123 645 1156 dicti
669 1121 913 1165 guardianatus,
936 1122 985 1154 vel
1015 1121 1048 1154 in
1062 1110 1072 1140 *¹
1088 1117 1172 1149 mnis
1189 1117 1293 1150 dictae
1313 1117 1540 1158 bibliothecae,
1567 1123 1598 1150 et
1618 1117 1769 1151 omnibus
1787 1128 1840 1151 re-

293 1182 331 1204 eo
350 1171 449 1206 verbo
474 1182 529 1204 seu
554 1172 637 1204 sacto
669 1182 701 1204 se
730 1171 932 1211 intromittat,
964 1181 1048 1214 quae
1088 1170 1204 1204 stitutis
1220 1171 1254 1203 in
1265 1170 1736 1214 pristinum.Decernimusque
1746 1181 1839 1216 prae-

292 1225 470 1258 inventaria
495 1225 616 1269 pariter
636 1224 716 1258 fiant
745 1224 859 1258 formis
884 1230 915 1258 et
943 1225 1048 1258 modis
1088 1229 1193 1257 sentes
1213 1224 1391 1268 quemlihet
1411 1235 1526 1258 eorum
1539 1229 1772 1258 concernentes
1787 1235 1840 1258 ar-

292 1278 497 1322 supradictis,
520 1284 718 1312 renoventur
737 1289 756 1311 a
775 1278 963 1322 guardianis
983 1271 1071 1320 exi-l
1088 1285 1175 1312 ctare
1205 1278 1245 1311 ad
1274 1289 1385 1311 earum
1418 1278 1674 1311 observationem
1695 1278 1728 1311 in
1748 1278 1839 1312 Italia

291 1332 448 1365 stentibus
468 1333 501 1365 in
531 1332 640 1366 officio
665 1338 810 1377 tempore
837 1332 929 1366 datae
954 1343 1047 1376 prae·
1065 1326 1067 1344 ¹
1087 1337 1159 1376 post
1179 1337 1319 1375 quatuor
1338 1342 1477 1372 menses,
1500 1336 1588 1364 extra
1617 1342 1692 1365 vero
1716 1331 1838 1365 ltaliam

290 1386 441 1419 sentium.
465 1387 556 1425 Quod
590 1386 806 1420 inventarium
831 1386 969 1431 quilibet
988 1386 1046 1419 mi-
1065 1374 1067 1417 i
1087 1390 1159 1430 post
1178 1391 1250 1419 octo
1272 1395 1409 1427 menses,
1431 1385 1465 1418 in
1485 1385 1629 1429 partibus
1644 1396 1719 1419 vero
1734 1385 1839 1419 India-

290 1440 390 1473 nister
422 1441 627 1484 provincialis
666 1446 696 1474 et
726 1441 830 1474 dictae
860 1440 1045 1486 provinciae
1064 1431 1067 1450 ³
1086 1450 1160 1473 rum
1180 1451 1217 1473 ac
1236 1440 1384 1473 locorum
1401 1439 1441 1473 de
1453 1450 1535 1473 novo
1548 1446 1752 1483 repertorum
1765 1445 1839 1484 post

92 2037 208 2059 Puniuntur
220 2045 274 2060 con-

93 2071 238 2090 invenientes
254 2078 274 2090 ‘⁴1

92 2100 215 2126 complices,

290 1494 533 1527 commissarius
554 1499 702 1528 teneatur
722 1494 857 1538 singulis
877 1494 969 1528 annis
994 1494 1044 1527 sui

289 1546 388 1580 officii
410 1547 637 1593 inpraesentia
658 1549 733 1581 dicti
750 1548 919 1591 guardiani
940 1548 1043 1581 etdis-

289 1606 455 1635 cretorum
480 1602 550 1635 eius
576 1603 692 1636 domus
712 1609 743 1636 et
763 1602 963 1644 monasterii,
991 1613 1042 1635 re-

288 1655 409 1696 videre,
436 1662 468 1689 et
491 1657 579 1699 quod
613 1662 668 1689 aut
701 1656 845 1689 additum
875 1656 971 1689 suerit
990 1661 1045 1689 aut

289 1715 327 1738 ex
346 1704 438 1737 dictis
458 1705 663 1738 bibliothecis
697 1711 896 1749 asportatum
931 1705 1040 1746 suerit,

289 1753 395 1786 facere
408 1754 526 1788 addere
547 1754 640 1788 dictis
652 1754 838 1787 inventariis
849 1754 930 1787 acin
942 1754 1042 1787 dictas

288 1802 503 1836 bibliothecas
523 1810 702 1848 reportare,
729 1804 887 1848 dictisque
908 1804 1043 1837 additio-

289 1851 386 1884 nibus
405 1857 435 1884 et
461 1852 647 1886 inventariis
675 1864 740 1886 una
766 1864 840 1885 cum
871 1854 1064 1896 praedictis:

289 1900 469 1943 guardiano
490 1908 522 1934 et
541 1902 689 1935 discretis
708 1913 740 1936 se
755 1903 968 1936 subscribere.

333 1950 348 1993 ξ
368 1949 399 1983 3.
423 1950 514 1989 Quod
535 1951 560 1984 si
581 1951 708 1995 singula
728 1952 903 1995 praedicta,
923 1958 959 1985 ut
991 1963 1043 1985 su-

290 2001 515 2042 praordinata,
528 2002 609 2034 sacta
622 2011 687 2034 non
698 2001 826 2042 suerint,
838 2001 988 2034 volumus
1011 2007 1042 2035 et

290 2048 496 2082 decernimus
517 2051 601 2083 ultra
620 2050 802 2094 praedictas
838 2061 957 2093 poenas
977 2050 1042 2082 dic-

291 2103 359 2130 tum
379 2099 607 2141 guardianum,
632 2100 815 2133 ministrum
842 2105 872 2133 et
892 2100 1041 2133 commis-

291 2146 411 2179 sarium
431 2148 551 2188 statim,
585 2148 651 2181 sine
672 2149 780 2192 aliqua
809 2149 1038 2189 declaratione,

291 2194 425 2239 intelligi
435 2196 584 2240 privatos,
596 2204 694 2242 prout
708 2199 869 2242 privamus
886 2198 897 2221 ¹
917 2204 1040 2232 extunc

290 2255 430 2289 semper,
452 2246 560 2279 officio
579 2248 824 2290 guar-dianatus,
840 2248 1040 2281 ministratus

290 2300 345 2327 aut
365 2296 650 2338 commissariatus,
670 2297 756 2340 quod
773 2303 850 2330 tunc
869 2298 963 2341 gerit,
985 2308 1040 2331 ne-

291 2342 475 2387 minemque
496 2345 535 2378 de
556 2352 663 2379 cetero
682 2346 708 2379 ci
723 2346 856 2379 obedire
877 2347 1037 2387 volumus;

1086 1493 1254 1526 biennium
1274 1504 1292 1526 a
1306 1494 1380 1527 data
1400 1492 1631 1537 praesentium.

1130 1548 1144 1591 ἓ
1163 1547 1195 1580 4.
1222 1547 1286 1581 Nec
1306 1547 1345 1581 de
1365 1547 1582 1591 subreptionis
1600 1553 1655 1580 aut
1674 1545 1836 1592 obreptio—

1064 1634 1066 1654 ι
1085 1601 1146 1643 nis,
1161 1612 1221 1635 nec
1237 1602 1333 1635 etiam
1353 1601 1538 1635 intentionis
1552 1606 1680 1634 nostrae
1694 1601 1744 1634 vel
1756 1611 1837 1645 quo-

1086 1655 1164 1688 libet
1182 1655 1247 1689 alio
1275 1655 1402 1689 defectu
1426 1661 1482 1688 aut
1509 1655 1596 1695 vitio,
1626 1654 1766 1699 cogitato
1785 1655 1835 1688 vel

1085 1708 1271 1751 incogitato,
1304 1708 1455 1752 redargui
1479 1718 1593 1752 posse,
1631 1718 1691 1741 nec
1723 1713 1836 1741 contra

1084 1761 1141 1795 has
1160 1761 1283 1805 aliquid
1307 1761 1384 1803 dici,
1406 1772 1466 1795 nec
1486 1761 1701 1805 ignorantiam
1721 1766 1777 1794 aut
1795 1761 1835 1794 il-

1084 1814 1190 1848 lorum
1212 1815 1481 1849 inobservantiam
1501 1825 1594 1859 posse
1608 1815 1759 1858 allegare,
1777 1815 1835 1849 sed

1084 1868 1269 1911 plenissime
1290 1869 1329 1902 ad
1345 1869 1485 1902 litteram
1506 1869 1687 1909 observare,
1709 1868 1835 1902 sublata

1083 1922 1177 1956 aliter
1206 1923 1405 1963 declarandi,
1428 1923 1662 1966 interpretandi
1692 1928 1723 1955 et
1747 1922 1833 1956 iudi-

1061 1967 1064 2029 ᾖ
1084 1976 1179 2010 candi
1200 1976 1347 2016 cuilibet,
1378 1976 1472 2009 etiam
1494 1976 1525 2009 S.
1548 1976 1586 2009 R.
1608 1976 1642 2008 E.
1679 1975 1833 2009 cardinali

1084 2036 1113 2063 et
1134 2041 1305 2064 causarum
1333 2030 1442 2063 Palatii
1477 2029 1653 2074 Apostolici
1678 2023 1831 2070 auditbri,

1085 2084 1236 2117 facultate
1255 2090 1284 2117 et
1310 2084 1517 2124 auctoritate;
1539 2083 1667 2116 irritum
1687 2090 1716 2117 et
1738 2083 1832 2117 inane

1082 2138 1293 2171 decernentes
1312 2137 1470 2182 quidquid
1501 2137 1534 2171 in
1561 2137 1760 2171 contrarium
1785 2137 1833 2171 sa-

1082 2198 1169 2225 ctum
1190 2191 1298 2225 suerit.

1126 2246 1140 2289 g
1172 2245 1202 2278 5.
1229 2245 1299 2279 Non
1335 2245 1535 2279 obstantibus
1574 2245 1759 2289 praemissis
1793 2256 1830 2279 ac

1082 2299 1367 2332 constitutionibus
1399 2305 1429 2332 et
1461 2299 1718 2333 ordinationibus
1750 2309 1829 2342 apo-

1081 2352 1217 2393 stolicis,
1247 2364 1285 2386 ac
1319 2352 1603 2393 monasteriorum,
1642 2353 1827 2394 domorum,

290 2397 320 2424 et
344 2394 493 2426 cumdem
520 2395 564 2428 sic
582 2401 617 2428 ut
636 2406 733 2439 supra
754 2396 785 2428 in
806 2396 958 2429 omnibus
973 2408 1038 2430 non
1058 2411 1061 2439 Ι
1081 2402 1292 2435 ecclesiarum
1321 2408 1352 2435 et
1386 2401 1541 2435 Ordinum
1575 2400 1827 2445 praedictorum,

289 2440 493 2476 obedientem
537 2443 740 2477 declaramus
779 2445 955 2479 inhabilem
998 2447 1036 2480 ad
1080 2451 1175 2483 etiam
1206 2451 1399 2491 iuramento,
1422 2450 1666 2484 confirmatione
1699 2456 1829 2494 aposto-

290 2491 419 2531 quaevis
450 2493 555 2526 officia
586 2494 661 2527 (licii
695 2494 823 2527 Ordinis
847 2507 905 2539 per
932 2496 1036 2540 ipsum
1080 2500 1140 2533 lica
1165 2501 1211 2534 vel
1239 2501 1351 2545 quavis
1380 2500 1529 2533 firmitate
1561 2499 1623 2532 alia
1656 2499 1826 2540 roboratis,

290 2548 444 2582 umquam
464 2542 615 2583 gerenda.
646 2543 678 2575 131
702 2544 914 2578 nihilominus
939 2545 1036 2589 quili-
1079 2550 1220 2590 statutis,
1258 2550 1433 2595 privilegiis
1468 2557 1498 2584 et
1528 2549 1825 2590 consuetudinibus,

326 2604 336 2630 1
359 2602 531 2638 waddtngus
546 2606 634 2634 addit:
657 2616 690 2635 ac
712 2610 1000 2644 nunc1n·01‹(<a.r.).
1055 2632 1060 2650 ξ
1079 2601 1258 2645 ceterisque
1269 2597 1826 2644 contrariisquibuscumque.etiam

1876 1562 1989 1591 Subi-opitu

1849 1593 1916 1621 legari
1931 1599 1969 1622 pro

1850 1628 1892 1647 tur.

1858 2218 2026 2348 οοτοειιυηξχ

1845 2287 1918 2307 trariis
1922 2301 1927 2307 .
