2059 3228
34 239 61 267 ss.
80 237 146 269 1576

33 1040 101 1064 :nrm
111 1039 146 1061 de-

768 233 941 261 annuemus
960 234 1014 259 xm
1034 234 1082 259 1³1³.

1581 222 1637 256 ’151

159 289 350 333 luscumque
364 294 474 329 status,
498 288 761 331 g1·ad11s,ordinis
781 294 810 321 et
826 298 903 321 con·
941 287 1088 326 verbum,
1115 286 1193 319 nihil
1216 286 1343 329 penitus
1368 286 1498 326 omisso,
1529 289 1560 318 et
1586 284 1689 317 torma

159 342 287 377 ditionis
325 343 471 383 existant,
507 349 538 375 et
568 352 785 386 quacumque,
808 341 903 374 etiam

158 395 345 440 pontificali,
368 395 453 438 regia
467 396 515 428 vel
536 395 597 428 alia
616 395 804 428 auctoritate
829 394 902 426 sun-

156 454 284 492 gantur,
311 448 440 492 publice
470 449 518 481 vel
554 448 690 487 occulte,
719 446 838 480 directe
854 446 903 478 vel

156 500 323 541 indirecte,
345 501 437 534 tacite
450 502 664 545 velexpresse,
686 499 795 544 quovis
805 509 904 542 quae-

156 554 218 588 sito
242 554 350 587 colore
381 554 429 586 vel
455 554 595 596 ingenio,
620 552 780 596 impediri,
801 551 903 583 mole-

157 606 245 647 stari,
268 606 448 650 perturbari
470 607 517 639 vel
555 606 632 638 alias
659 603 903 647 quomodolibet

156 659 341 704 inquietari3
364 659 614 693 contradictores
633 657 793 701 quoslibet
809 662 840 689 et
855 668 904 690 re—

155 712 255 745 belles
276 723 334 755 per
353 723 506 746 censuras
539 710 768 744 ecclesiasticas
791 715 819 743 et
841 710 903 743 alia

157 771 340 809 opportuna
378 765 456 798 iuris
494 763 633 797 remedia
646 789 653 803 ,
689 762 903 806 appellatione

156 819 346 862 postposita,
373 817 620 862 compescendo,
643 816 789 849 invocato
808 816 903 849 etiam

157 871 196 904 ad
216 872 288 912 boc,
300 871 326 904 si
339 882 420 915 opus
436 869 542 911 suerit,
560 869 679 903 auxilio
698 869 822 902 brachii
834 880 903 902 sae-

159 924 289 958 cularis.

202 974 289 1021 5713.
320 977 389 1010 Non
423 976 623 1010 obstantibus
664 978 848 1019 praemissis
867 986 903 1008 ac

159 1030 230 1075 piae
250 1029 425 1063 memoriae
463 1028 616 1062 Bonifacii
653 1029 757 1072 Papae
786 1028 901 1068 octavi,

158 1083 255 1117 etiam
279 1081 532 1126 praedecessoris
548 1081 661 1121 nostri,
676 1082 714 1114 de
726 1092 802 1121 una,
819 1086 849 1114 et
870 1081 903 1113 in

157 1135 296 1169 concilio
314 1134 455 1178 generali
476 1135 560 1167 edita
578 1134 617 1167 de
634 1134 758 1166 duabus
775 1134 900 1174 diaetis,

157 1188 333 1222 dummodo
353 1198 418 1221 non
437 1188 522 1220 ultra
542 1193 605 1220 tres
625 1186 744 1219 diaetas
763 1187 836 1230 quis
849 1198 905 1220 au-

157 1240 305 1275 ctoritate
324 1240 541 1284 praesentium
563 1240 602 1272 ad
622 1240 778 1272 iudicium
795 1240 903 1273 traha-

156 1297 221 1335 tur,
236 1294 371 1337 aliisque
391 1293 675 1327 constitutionibus
688 1298 718 1326 et
731 1293 904 1326 ordinatio-

156 1347 250 1381 nibus
274 1347 470 1391 apostolicis;
492 1357 598 1380 nenon
626 1346 786 1379 dictorum
811 1346 904 1380 Ordi-

156 1412 247 1442 num,
258 1400 353 1434 etiam
367 1401 559 1440 iuramentO,
573 1400 817 1433 confirmatione
827 1410 904 1443 apo-

157 1454 270 1488 stolica
288 1454 334 1487 vel
355 1453 464 1497 quavis
483 1451 633 1486 firmitate
653 1452 714 1485 alia
737 1452 904 1493 roboratis,

157 1506 283 1540 statutis
293 1511 324 1539 et
336 1505 636 1544 consuetudinibus,
646 1504 818 1549 privilegiis
829 1516 907 1548 quo·
923 1498 927 1509 '

158 1571 231 1604 que,
256 1559 427 1592 indultiset
442 1559 556 1592 litteris
582 1558 767 1602 apostolicis
786 1558 905 1592 eisdem

158 1613 331 1647 Ordinibus
346 1613 541 1655 illorumque
554 1611 775 1655 superioribus
792 1617 823 1644 et
834 1623 905 1655 per-

160 1666 247 1700 sonis
269 1665 364 1699 etiam
384 1676 481 1709 super
495 1676 560 1698 non
579 1665 787 1698 aedificandis
803 1666 907 1698 ecele-

161 1719 226 1760 siis,
257 1718 417 1758 domibus,
437 1718 591 1761 collegiis,
611 1723 641 1751 et
661 1718 731 1750 aliis
755 1717 908 1751 aediliciis

161 1773 297 1805 aliarum
314 1771 610 1815 Religionumintra
621 1780 752 1804 centum
768 1772 907 1814 quadra-

163 1825 251 1869 ginta
275 1835 394 1858 eannas
422 1825 461 1857 ab
496 1835 609 1857 eorum
630 1824 806 1865 coenobiis,
830 1835 907 1858 eon-

161 1877 307 1911 ventibus
325 1878 374 1910 vel
400 1877 601 1910 monasteriis
630 1882 662 1910 et
690 1877 850 1918 domibus,
873 1888 909 1910 ac

164 1930 244 1972 aliis,
260 1930 320 1963 sub
340 1929 599 1973 quibuscumque
616 1930 782 1963 tenoribus
801 1935 832 1963 et
849 1930 910 1962 sor-

164 1983 236 2024 mis,
257 1994 316 2027 per
335 1994 556 2026 quoscumque
567 1983 727 2016 Romanos
741 1983 910 2016 Pontifices

165 2036 334 2076 concessis,
352 2036 593 2069 confirmatis'et
608 2036 777 2076 innovatis,
795 2047 910 2070 acom-

166 2089 261 2122 nibus
280 2089 350 2122 aliis
368 2100 450 2133 quae
471 2099 529 2122 nos
550 2094 579 2122 et
604 2089 759 2133 praedicti
777 2091 910 2133 praede-

168 2152 308 2175 cessores
327 2143 427 2175 nostri
452 2143 484 2175 in
509 2142 643 2185 singulis
676 2142 791 2176 litteris
816 2154 911 2186 prae-

168 2194 261 2228 dictis
285 2195 444 2228 voluimus
458 2206 524 2229 non
543 2197 681 2229 obstare.
699 2196 821 2234 Quibus
846 2208 913 2230 om-

169 2248 277 2287 nibus,
299 2247 422 2281 etiamsi
437 2259 495 2292 pro
515 2249 645 2282 illorum
667 2250 840 2283 sufficienti
861 2251 914 2283 de-

170 2300 348 2344 rogatione,
371 2301 409 2334 de
429 2301 491 2334 illis
506 2313 683 2346 eorumque
704 2303 779 2336 totis
797 2303 914 2337 tenori-

171 2354 232 2387 bus
251 2353 411 2397 speeialis,
432 2354 594 2396 specifica,
615 2365 762 2398 expressa
782 2362 813 2389 et
831 2357 915 2389 indi-

172 2406 266 2440 vidua
284 2417 321 2438 ac
341 2406 380 2438 de
395 2406 490 2438 verbo
509 2407 702 2448 adverbum,
724 2419 789 2442 non
808 2415 916 2443 tamen

174 2465 232 2498 per
246 2455 404 2488 clausulas
419 2456 583 2497 generales
593 2456 677 2489 idem
693 2457 915 2501 importantes,

175 2503 294 2536 mentio
306 2514 360 2536 seu
369 2503 498 2546 quaevis
509 2503 570 2536 alia
580 2505 741 2547 expressio
757 2506 915 2547 habenda,

176 2556 231 2584 aut
250 2552 358 2595 aliqua
377 2552 438 2585 alia
459 2551 613 2595 exquisita
640 2554 742 2586 forma
766 2555 919 2588 servanda

177 2600 408 2640 soret,tenores
429 2600 570 2640 illorum,
596 2612 632 2634 ac
656 2601 681 2634 si
705 2602 745 2635 de
761 2602 856 2636 verbo
880 2604 919 2637 ad

941 339 975 373 in
1000 339 1063 371 illis
1090 340 1204 372 tradita
1231 340 1407 380 observata,
1441 337 1550 372 inserti
1572 338 1688 376 forent,

942 392 1166 436 praesentibus
1218 403 1276 436 pro
1320 392 1475 436 expressis
1521 391 1686 431 babentes,

942 445 1005 477 illis
1024 445 1103 478 alias
1141 445 1173 478 in
1211 456 1269 478 suo
1306 446 1421 479 robore
1456 444 1687 489 permansuris,

941 498 1001 531 hac
1023 499 1090 531 vice
1115 498 1290 538 dumtaxat,
1317 505 1404 531 motu
1429 498 1538 537 simili,
1569 496 1688 541 specia-

941 551 1014 584 liter
1037 557 1068 584 et
1102 561 1251 595 expresse
1276 551 1479 593 derogamus,
1507 550 1688 593 ceterisque

942 604 1109 638 contrariis
1122 605 1392 647 quibuscumque.
1404 604 1463 635 Aut
1477 604 1501 635 si
1514 603 1686 646 aliquibus,

942 657 1158 690 communiter
1167 657 1214 689 vel
1226 656 1361 696 divisim,
1373 656 1412 688 ab
1429 657 1539 689 eadem
1554 657 1593 688 sit
1608 656 1689 689 Sede

941 711 1103 743 indultum
1123 711 1209 754 quod
1230 709 1389 750 interdici,
1406 710 1557 753 suspendi
1577 710 1689 742 velex-

942 763 1174 797 communicari
1192 774 1255 796 non
1268 765 1391 807 possint
1408 773 1465 806 per
1481 762 1600 795 litteras
1613 773 1690 806 apo-

942 816 1053 850 tolicas
1065 827 1128 849 nen
1149 817 1299 849 facientes
1315 817 1444 860 plenam
1462 821 1492 848 et
1508 826 1686 859 expressam

942 880 978 902 ac
998 869 1037 902 de
1056 870 1153 902 verbo
1173 870 1212 902 ad
1231 869 1364 902 verbum
1385 868 1424 901 de
1444 868 1688 901 indultohuius-

942 923 1029 955 modi
1051 922 1262 955 mentionem.

986 975 1001 1018 ἓ
1020 974 1074 1007 44.
1097 975 1250 1008 Volumus
1269 980 1377 1008 autem
1395 979 1426 1007 et
1445 974 1556 1008 eadem
1577 981 1688 1007 aucto-

943 1028 1034 1060 ritate
1054 1028 1258 1061 decernimus
1274 1028 1361 1070 quod
1373 1028 1516 1072 ipsarum
1533 1033 1689 1060 transum-

943 1081 1016 1125 ptis,
1054 1092 1152 1114 manu
1172 1080 1309 1114 alicuius
1329 1080 1445 1113 notarii
1470 1081 1592 1124 publici
1613 1081 1689 1112 sub-

943 1134 1069 1177 scriptis
1082 1141 1112 1167 et
1133 1134 1236 1177 sigillo
1255 1133 1392 1167 alieuius
1412 1133 1604 1177 praelativel
1619 1145 1690 1177 per-

944 1198 1039 1220 sonae
1049 1187 1081 1219 in
1094 1187 1247 1231 dignitate
1263 1187 1479 1220 ecclesiastica
1500 1187 1691 1220 constitutae

943 1246 998 1273 aut
1021 1241 1129 1273 curiae
1150 1241 1384 1274 ecclesiasticae
1408 1241 1455 1273 vel
1477 1240 1572 1273 etiam
1592 1251 1691 1283 gene—

944 1294 1018 1325 ralis
1039 1294 1211 1337 praepositi
1233 1294 1332 1337 ipsius
1356 1293 1521 1326 Soeietatis
1545 1293 1690 1330 munitis,

944 1347 975 1378 in
997 1347 1115 1379 iudicio
1136 1352 1166 1379 et
1184 1347 1274 1387 alibi,
1293 1346 1346 1379 ubi
1360 1357 1441 1390 opus
1460 1346 1566 1386 fuerit,
1581 1346 1691 1379 eadem

944 1411 1077 1443 prorsus
1102 1400 1180 1433 fides
1200 1401 1402 1439 adhibeatur,
1424 1410 1506 1442 quae
1525 1399 1693 1432 adhibere-

944 1459 997 1485 tur
1016 1453 1135 1486 eisdem
1152 1454 1364 1497 presentibus,
1382 1453 1407 1485 si
1420 1454 1521 1485 forent
1534 1452 1692 1486 exhibitae

944 1507 991 1538 vel
1009 1512 1166 1539 ostensae.

989 1559 1102 1591 Datum
1134 1560 1253 1592 Romae
1282 1559 1368 1603 apud
1396 1560 1427 1592 S.
1455 1560 1595 1598 Petrum,
1633 1558 1692 1590 sub

945 1613 1065 1645 annulo
1078 1612 1259 1652 piscatoris,
1277 1613 1327 1645 die
1345 1623 1403 1645 xxx
1419 1612 1524 1645 octob.
1545 1621 1691 1650 MDLxxw,

947 1666 1153 1709 pontificatus
1174 1667 1274 1699 nostri
1290 1677 1375 1699 anno
1394 1677 1423 1698 v.

985 1722 1048 1752 Dat.
1063 1722 1109 1752 die
1125 1723 1163 1752 30
1173 1723 1302 1752 octobris
1318 1724 1404 1759 1576,
1419 1723 1524 1762 pontif.
1540 1732 1652 1753 annor.

1282 1899 1356 1933 th.

949 1977 1136 2011 Iurisdicczsso
1154 1977 1363 2020 protomedt'ei
1384 1982 1412 2009 el
1438 1976 1562 2018 colleqiz'
1580 1977 1692 2018 physi-

993 2041 1101 2063 corum
1121 2031 1225 2062 almae
1250 2030 1342 2061 Urbis
1362 2039 1566 2072 quoscmnque
1592 2030 1692 2061 medi-

994 2094 1043 2116 cos
1062 2083 1099 2116 in
1117 2094 1155 2116 ea
1173 2084 1332 2115 medentes
1347 2082 1574 2120 vmann'mmdi,
1587 2086 1615 2113 et
1628 2092 1694 2114 non

994 2141 1134 2179 repertos
1150 2136 1278 2169 idoneos
1293 2136 1332 2167 ab
1345 2135 1496 2167 ererm'tt'o
1516 2135 1696 2167 medicinae

996 2189 1176 2231 expellenda
1196 2193 1288 2231 atquc
1312 2188 1474 2219 coemmuli
1494 2186 1518 2219 ¹.

953 2278 1098 2313 Gregorius
1107 2278 1174 2314 Papa
1189 2278 1256 2309 xlll.
1265 2278 1298 2305 ad
1308 2279 1468 2312 perpetuam
1479 2276 1518 2304 rei
1528 2276 1685 2305 memoriam

998 2358 1033 2390 In
1053 2358 1246 2402 apostolicae
1269 2356 1432 2397 diguitatis
1453 2357 1605 2398 eulmine,
1628 2368 1698 2390 me»

955 2411 1025 2443 ritis
1052 2411 1126 2442 lieet
1146 2410 1336 2453 imparibus,
1362 2409 1468 2441 divina
1488 2410 1699 2453 dispositione

994 2478 1003 2503 l
1022 2477 1156 2504 Eiusdem
1176 2475 1283 2509 collegii
1307 2479 1334 2502 et
1353 2476 1534 2509 protomediei
1549 2478 1700 2505 auetorita-

957 2524 1013 2548 tem
1028 2521 1056 2547 in
1075 2520 1148 2547 Urbe
1167 2519 1330 2546 doctorandi
1349 2523 1376 2546 et
1395 2519 1617 2548 iurisdictionem
1632 2529 1700 2549 cau-

958 2572 1003 2591 sas
1022 2565 1056 2591 ad
1075 2568 1163 2591 artem
1179 2567 1337 2597 spectantes
1361 2565 1550 2598 cognoscendi
1566 2565 1653 2593 habes
1672 2566 1701 2593 in

959 2608 1020 2636 Iulii
1036 2608 1071 2635 111
1086 2609 1194 2636 constit.
1212 2614 1289 2642 xxvi,
1305 2608 1416 2644 Meritis,
1433 2612 1499 2637 tom.
1514 2616 1550 2643 vi,
1563 2617 1626 2645 pag.
1640 2610 1699 2637 471.

1703 229 1754 257 An.
1777 228 1806 257 c.
1820 220 1887 256 1570

1729 989 1873 1016 Transumpiis

1704 1022 1761 1042 credi
1779 1021 1845 1041 iubet.

1742 2371 1865 2392 Procnmium
