2059 3228
156 339 366 374 assistentium
397 345 427 374 et
450 341 656 374 discretorum
681 342 892 385 praefatorum

155 389 270 423 fuerint
293 390 456 433 requisiti,
480 393 662 426 solemniter
686 393 889 436 publicantes,

155 442 275 486 illisque
298 442 330 474 in
347 444 524 485 praemissis
548 444 679 478 etlicacis
703 444 891 478 defensionis

155 495 311 540 praesidio
335 496 534 537 assistentes,
559 496 675 529 faciant
706 496 891 529 auctoritate

155 552 260 580 nostra
288 547 458 590 praemissa
485 549 592 582 omnia
623 549 805 590 observari,
829 559 891 582 non

155 600 370 643 permittentes
402 611 454 634 eos
489 612 543 634 seu
577 612 685 634 eorum
722 601 891 644 quemlibet

155 652 288 696 desuper
316 663 333 685 a
357 663 516 696 quoquam
541 653 771 696 quomodolibet
806 654 890 685 inde-

153 702 218 737 bite
248 704 426 744 molestari;
454 706 699 738 contradictores
735 706 891 748 quoslibet

154 767 192 790 ac
214 757 342 790 rebelles
375 763 405 790 et
428 758 607 801 praemissis
636 768 699 791 non
728 763 889 801 parentes,

155 818 212 851 per
234 819 391 850 censuras,
416 811 585 844 sententias
608 816 638 843 et
655 821 772 854 poenas
795 812 890 844 ecele-

155 859 295 893 siasticas
318 862 440 905 aliaque
463 868 640 905 opportuna
665 863 743 896 iuris
766 868 796 896 et
819 863 889 895 faeti

155 914 309 954 remedia,
333 915 539 957 appellatione
562 915 743 958 postposita,
768 926 890 958 compe-

155 965 279 1006 scendo,
303 965 444 999 invocato
479 966 572 999 etiam
597 967 635 999 ad
660 967 739 1008 hoc,
763 967 788 1000 si
813 978 892 1010 opus

155 1015 259 1058 fuerit,
282 1017 396 1051 auxilio
418 1019 539 1052 brachii
564 1020 739 1053 saecularis.

197 1070 212 1113 fi
236 1069 265 1103 7.
287 1071 355 1104 Non
371 1072 569 1105 obstantibus
586 1072 682 1105 felicis
700 1073 889 1105 reeordatio—

135 1121 203 1155 ·nis
231 1123 381 1156 Bonisacii
405 1124 506 1168 Papae
541 1125 612 1165 Vlll,
642 1124 890 1166 praedecessoris

153 1176 270 1217 nostri,
294 1176 332 1209 de
357 1187 435 1217 una,
465 1182 494 1210 et
517 1177 642 1210 concilii
675 1177 828 1220 generalis
854 1177 890 1208 dc

154 1227 276 1261 duabus
310 1229 437 1270 diaetis,
472 1230 642 1262 dummodo
677 1230 748 1272 quis
785 1230 889 1272 vigore

154 1281 366 1324 praesentium
390 1281 429 1314 ad
446 1282 598 1314 iudicium
622 1283 703 1314 ultra
728 1288 790 1315 tres
807 1283 889 1314 diae-

153 1339 201 1367 tas
216 1344 280 1367 non
295 1334 450 1375 trahatur,
467 1334 597 1377 aliisque
614 1334 890 1367 constitutionibus

153 1391 185 1424 et
218 1386 470 1420 ordinationibus
498 1387 689 1430 apostolicis;
726 1397 761 1419 ae
791 1386 890 1418 dictae

153 1439 415 1483 congregationis,
439 1440 626 1479 iuramento,
650 1438 890 1471 confirmatione

153 1492 325 1535 apostolica
347 1493 394 1525 vel
417 1492 525 1536 quavis
541 1492 688 1524 firmitate
712 1492 772 1524 alia
797 1491 889 1524 robo-

153 1544 241 1585 ratis,
263 1545 387 1577 statutis
413 1550 443 1578 et
466 1545 746 1578 consuetudinibus
765 1571 771 1582 ,
797 1544 891 1587 privi—

155 1595 243 1638 legiis
266 1607 400 1640 quoque,
417 1597 547 1630 indultis
570 1603 601 1630 et
618 1598 729 1630 litteris
745 1597 892 1640 apostoli-

155 1648 200 1681 cis
221 1649 255 1682 in
278 1650 472 1682 contrarium
509 1651 740 1693 quomodolibet
765 1661 890 1683 conces-

155 1700 206 1742 sis,
229 1702 413 1745 approbatis
428 1708 459 1736 et
476 1704 640 1743 innovatis;
658 1704 773 1746 quibus
789 1705 890 1737 omui—

155 1753 224 1795 bus,
247 1764 356 1787 eorum
379 1760 502 1789 tenores
518 1757 736 1799 praesentibus
760 1768 817 1801 pro
841 1769 893 1791 ex-

155 1806 270 1849 pressis
294 1807 456 1850 habentes,
472 1809 532 1842 illis
556 1810 631 1843 alias
655 1810 688 1843 in
706 1823 762 1845 suo
780 1813 892 1846 robore

153 1860 376 1902 permansuris,
401 1861 459 1894 hac
490 1862 555 1895 vice
579 1864 749 1906 dumtaxat,
773 1867 893 1909 specia-

153 1909 224 1942 liter
257 1916 287 1943 et
309 1922 454 1955 expresse
483 1915 688 1958 derogamus,
723 1920 891 1953 contrariis

154 1964 414 2008 quibuscumque.
438 1968 497 2000 Aut
514 1968 539 2000 si
556 1969 722 2011 aliquibus,
749 1982 891 2006 commu-

153 2015 235 2048 niter
259 2017 302 2048 vel
327 2017 460 2059 divisim,
485 2020 524 2052 ab
548 2022 655 2053 eadem
680 2023 719 2055 sit
743 2024 819 2057 Sede
844 2026 891 2057 in-

155 2069 275 2101 dultuni
300 2071 383 2113 quod
412 2072 567 2114 interdici,
592 2076 740 2117 suspendi
766 2079 812 2109 vel
838 2090 891 2111 cx-

154 2123 379 2155 eommunieari
397 2134 459 2156 non
477 2126 592 2168 possint
612 2138 666 2169 per
684 2128 800 2161 litteras
817 2140 894 2173 apo-

155 2175 279 2209 stolicas
301 2186 365 2208 non
389 2177 536 2211 facientes
559 2180 682 2221 plenam
714 2187 741 2213 et
767 2192 891 2225 expres-

155 2237 222 2260 sam
245 2238 281 2260 ae
304 2229 341 2261 de
364 2231 458 2263 verbo
489 2232 532 2264 ad·
551 2232 681 2265 verbum
705 2234 742 2266 de
768 2235 889 2269 indulto

156 2280 335 2314 huiusmodi
361 2285 562 2318 mentionem.

200 2333 309 2365 Datum
342 2335 457 2368 Romae
491 2339 574 2380 apud
605 2340 634 2372 S.
659 2341 803 2381 Petrum,
836 2342 893 2373 sub

154 2386 271 2418 annulo
289 2387 460 2429 piscatoris,
476 2390 524 2423 die
542 2401 550 2423 1
564 2392 702 2425 octobris
716 2404 890 2437 iiiDLxxviu,

155 2439 356 2481 pontificatus
381 2443 477 2473 nostri
503 2453 585 2476 anno
609 2454 663 2477 vu.

199 2494 265 2527 Dat.
279 2495 328 2528 die
343 2495 355 2528 i
369 2496 505 2527 octobris
518 2497 726 2541 ‘1578,pontif.
741 2509 824 2532 anuo
835 2511 891 2533 vii.

750 287 927 313 GREGORIUS
943 286 1000 311 xm
1017 287 1066 311 FP.

1556 278 1619 312 247
1675 281 1726 306 An.
1747 280 1775 306 c.
1795 282 1861 307 iare

1262 343 1317 377 XC.

921 427 1108 470 Approbali'o
1124 432 1149 460 et
1167 429 1550 473 confirmati'oprovinciae
1565 430 1596 463 S.
1610 430 1660 463 Jo-

962 479 1047 521 sepliess
1070 479 1329 523 Hispam'arum,
1361 482 1491 515 Ordinis
1520 484 1660 524 fratrum

964 531 1126 564 Minorum
1165 533 1428 567 [tisana-calorum
1442 563 1449 575 ,
1484 540 1510 567 ec
1552 546 1661 567 corum

962 583 1133 617 laudabilis
1156 585 1310 625 instituti,
1336 598 1404 618 (mn
1430 588 1574 619 omnibus
1597 599 1659 620 mo-

963 637 1109 668 nasteriis
1144 637 1272 669 omentis
1306 643 1331 669 ¹¹!
1368 640 1549 679 obtinendis,
1587 651 1659 672 cum

962 689 1111 721 mandato
1133 691 1272 732 ycnerali
1287 695 1312 721 cl
1330 692 1482 731 siuti-ilius
1495 692 1531 721 de
1549 692 1656 723 (Niser-

961 742 1071 774 vanlz'a
1094 752 1133 774 ne
1149 743 1216 774 illos
1241 743 1394 774 moles-lvii!
1420 748 1472 774 suu
1490 744 1659 785 ‹Inicquam

961 804 1054 836 super
1077 795 1120 826 cis
1144 794 1291 826 innovent
1316 798 1369 826 ele.
1395 795 1415 826 ¹.

920 882 1059 917 Gregorius
1074 883 1144 919 Papa
1158 884 1216 916 ΧΙΙΙ,
1235 884 1266 911 ad
1282 886 1430 919 perpetuam
1446 884 1481 910 rei
1505 884 1659 911 memoriam.

964 964 1009 996 Ad
1033 964 1092 997 hoc
1115 975 1171 997 nos
1195 965 1284 1005 Deus,
1310 965 1379 997 licet
1397 964 1579 1003 immeritos,
1598 964 1655 995 mi-

921 1016 1038 1050 litantis
1068 1018 1221 1050 Ecclesiae
1249 1017 1396 1059 regimini
1430 1016 1592 1058 praetulit,
1625 1020 1657 1047 ut

921 1069 996 1111 quid
1034 1070 1147 1112 cuique
1182 1070 1346 1102 conveniat
1383 1069 1655 1111 necessariumque

921 1122 960 1153 sit
983 1127 1013 1154 et
1035 1128 1249 1165 opportunum
1266 1122 1497 1165 provideamus,
1522 1127 1551 1153 ct
1572 1132 1658 1163 prae-

920 1174 1027 1206 sertim
1056 1174 1176 1207 dilectis
1208 1175 1280 1207 filiis
1316 1175 1543 1217 p1·ofi:ssoril·iis
1568 1174 1657 1206 Ordi-

920 1226 968 1257 nis
990 1226 1122 1259 fratrum
1146 1227 1319 1267 Miuorum,
1352 1228 1547 1259 Discat-vatis
1580 1238 1657 1259 nun-

920 1280 1059 1322 cupatis,
1084 1280 1264 1323 provinciae
1289 1280 1317 1313 S.
1345 1280 1464 1323 loseplii
1492 1281 1521 1312 iii
1548 1280 1654 1322 regnis

921 1331 1165 1374 Hispaniarum,
1191 1342 1269 1374 quos
1303 1338 1388 1365 tanto
1427 1343 1531 1364 rerum
1557 1333 1656 1365 coele-

920 1383 1014 1415 stium
1037 1389 1067 1416 et
1090 1389 1291 1417 aeternarum
1317 1386 1419 1417 studio
1443 1387 1567 1418 aller-,tos
1591 1396 1657 1418 esse

920 1435 1141 1478 intelligimus,
1166 1441 1217 1477 ut,
1241 1448 1299 1479 pro
1324 1438 1514 1480 sempiterna
1548 1449 1656 1470 earum

921 1488 1080 1529 fruitione,
1108 1490 1321 1522 austeritatem
1352 1491 1524 1523 voluntarie
1560 1491 1659 1523 liben-

923 1546 1029 1584 terque
1053 1542 1290 1584 ampleetantur,
1322 1548 1351 1574 ut
1379 1543 1418 1574 ab
1441 1544 1579 1575 externis
1603 1555 1655 1575 cu-

922 1594 964 1625 ris
998 1599 1027 1626 ct
1052 1594 1214 1634 molestiis,
1240 1595 1354 1637 quibus
1389 1595 1428 1627 ab
1459 1596 1601 1627 instituto
1624 1601 1656 1628 et

922 1647 1114 1690 praescripto
1128 1648 1262 1690 [legulae
1279 1660 1352 1680 suae
1370 1649 1501 1681 distralii
1522 1655 1651 1692 possunt

922 1698 1054 1739 liberati,
1079 1699 1138 1731 illis
1163 1701 1253 1732 soluti
1280 1701 1458 1733 liberiorem
1485 1702 1564 1734 bona
1589 1712 1659 1734 coe-

922 1752 1007 1784 lestia
1031 1757 1059 1784 et
1085 1757 1211 1785 aeterua
1235 1755 1466 1796 contemplandi
1491 1760 1520 1786 et
1550 1765 1659 1787 conse-

921 1806 1035 1849 quendi
1059 1806 1235 1838 facultatem
1261 1806 1406 1838 habeant.

964 1859 1030 1902 §f
1056 1859 1100 1891 Ad
1133 1869 1224 1891 aures
1256 1859 1360 1901 itaque
1393 1866 1515 1892 nostras
1546 1861 1657 1893 fratres
1697 1870 1858 1902 eauqaconeii-

922 1912 1083 1954 praedicti,
1108 1911 1287 1944 Discalceati
1313 1914 1499 1954 nuncupati,
1526 1903 1758 1946 nonnul-3:22⁸.Onls
1790 1901 1857 1919 eae„-

922 1966 964 1997 las
988 1964 1203 2007 querimonias
1226 1965 1460 2007 perduxerunt,
1486 1966 1599 2007 quibus
1628 1976 1659 1999 se

922 2017 1161 2060 quampluribus
1186 2018 1332 2049 molestiis
1357 2029 1390 2049 ac
1415 2018 1660 2059 1·‹1·rtui·bati0ni-

923 2071 980 2102 bus
1004 2081 1021 2102 a
1045 2070 1165 2102 dilectis
1194 2070 1343 2100 fratribus
1369 2071 1397 2101 5.
1423 2070 1595 2107 Francis-ci,
1622 2070 1660 2102 de

923 2122 1124 2155 Observantia
1151 2122 1348 2163 nuncupatis„
1375 2132 1436 2152 nou
1461 2133 1582 2164 parum,
1601 2123 1659 2155 mi-

923 2176 1006 2208 nime
1031 2176 1088 2207 sul)
1113 2175 1201 2206 iustis
1227 2174 1445 2216 pissictextibus,
1465 2175 1566 2206 vexari
1585 2186 1658 2207 con-

922 2228 1145 2271 querebantur.

965 2282 979 2324 g
1004 2281 1033 2313 2.
1059 2281 1098 2312 Ea
1123 2286 1250 2322 propter
1275 2290 1339 2319 nos,
1358 2280 1481 2311 illorum
1508 2281 1604 2323 quieti
1629 2287 1658 2313 et
1720 2300 1855 2320 (-0„fl2.„.2.;0

924 2333 1119 2366 indemnitati
1137 2333 1298 2364 consulere
1323 2333 1470 2373 volentes,
1488 2328 1858 2378 congrega-d‘sssffigfiff‘ssffl.

923 2388 999 2421 tioni
1040 2386 1264 2419 venerabilium
1304 2385 1438 2417 fratrum
1477 2393 1658 2420 nostrorum
1669 2382 1786 2400 “³¹¹³²‘¹⁰¹³⁰'

922 2441 949 2473 S.
976 2441 1010 2472 R.
1036 2440 1067 2471 E.
1092 2438 1300 2471 cardinalium
1325 2448 1419 2480 super
1443 2439 1577 2481 negotiis
1593 2441 1657 2484 epi-

921 2503 1087 2536 scoporum
1126 2497 1157 2523 et
1195 2491 1387 2533 regularium
1435 2491 1659 2534 deputatorum

923 2552 1081 2586 aceolum]
1115 2544 1294 2576 huiusmodi
1328 2543 1518 2576 audiendum
1549 2550 1579 2577 et
1602 2556 1655 2578 co-

921 2599 1132 2641 gnoscendum
1158 2595 1383 2637 coiiiiiiisinius‚
1408 2607 1514 2630 eoram
1539 2598 1657 2641 quibus

958 2662 969 2685 1
990 2660 1030 2685 Ex
1053 2661 1151 2693 nogest
1180 2660 1207 2685 in
1227 2659 1327 2686 Seoret.
1347 2660 1483 2687 Brevium.

1698 980 1822 1003 Exordium.
