2059 3228
130 238 182 264 An.
198 236 226 264 C.
246 238 310 265 1587

159 937 269 959 clausulae
282 935 319 956 de-

134 972 260 999 togaton-iac.

192 2288 278 2310 sanctio
294 2291 347 2314 poe-

168 2321 230 2347 inin.

370 227 433 260 016

325 286 485 331 praesidio
515 285 709 323 assistentes,
748 283 867 316 saciant
899 283 1072 316 autoritate

324 346 433 373 nostra
455 344 639 382 praesentes
659 337 779 369 litteras
804 342 834 369 et
862 336 895 369 in
924 336 969 370 eis
994 345 1072 369 con-

326 398 411 426 tenta
431 401 670 434 quaecumque,
687 400 745 434 per
764 400 830 429 eos,
847 390 887 422 ad
907 400 989 432 quos
1005 399 1075 433 spe-

325 451 388 479 ctat
421 450 451 477 et
484 443 640 488 spectabit
664 443 697 475 in
722 443 878 483 futurum,
903 448 1072 487 perpetuo,

325 498 462 531 firmiter
482 503 511 530 ct
532 496 761 530 inviolabiliter
780 496 954 536 observari,
988 495 1075 528 illas·

325 563 388 595 que
408 551 533 585 debitae
554 550 734 583 executioni
751 550 939 583 demandari
961 559 1077 592 procu-

325 610 410 638 rent.
432 603 692 638 Contradictores
724 613 781 646 per
801 613 954 636 censuras
973 602 1076 635 eecle-

327 657 468 691 siasticas
489 657 617 700 aliaque
636 662 820 701 opportuna
855 656 933 689 iuris
953 661 983 688 et
1003 655 1076 688 sacti

328 711 485 751 remedia,
507 710 722 754 appellatione
743 710 928 753 postposita,
949 719 1080 752 compe-

329 764 462 804 scendo,
485 764 631 797 invocato
658 763 755 797 etiam
775 764 815 796 ad
840 764 913 803 hoc,
946 762 972 795 si
997 772 1080 806 opus

319 818 439 858 suerit,
462 817 581 850 auxilio
601 817 727 849 brachii
752 816 938 849 saecularis,

331 883 343 910 A*
376 871 443 915 §9.
479 871 548 904 Non
573 869 772 903 obstantibus
798 868 1083 902 constitutionibus

332 931 364 958 et
394 924 654 958 ordinationibus
685 922 883 967 apostolicis;
914 933 951 955 ae
981 922 1083 955 dietae

334 979 439 1019 Urbis,
468 978 663 1017 iuramento,
691 976 937 1009 confirmatione
958 981 1085 1019 aposto—

335 1032 394 1065 lica
416 1032 465 1064 vel
485 1030 596 1074 quavis
626 1030 778 1063 firmitate
815 1029 877 1062 alia
914 1027 1084 1067 roboratis,

334 1085 460 1118 statutis
481 1090 511 1117 et
531 1082 834 1122 consuetudinibus
857 1082 953 1115 etiam
978 1081 1085 1113 novis-

335 1139 414 1171 sime
448 1137 646 1175 rel'ormatis3
682 1135 870 1180 privilegiis,
898 1134 1032 1167 indultis
1057 1139 1088 1167 et

334 1191 450 1225 litteris
469 1189 654 1234 apostolicis
675 1189 781 1223 eidem
802 1188 923 1232 populo
944 1188 1088 1221 Romano

336 1246 470 1289 eiusque
512 1243 750 1286 magistratibus
788 1253 826 1276 ac
868 1241 1089 1275 consulatibus

337 1299 456 1331 artium
476 1303 531 1331 aut
551 1296 680 1329 illarum
710 1295 899 1329 consulibus
924 1305 983 1338 pro
1008 1300 1089 1328 tem-

338 1363 416 1396 pore
436 1350 645 1384 existentibus
655 1350 704 1383 vel
723 1349 922 1392 quibuslibet
933 1348 1003 1381 aliis
1015 1358 1090 1391 per-

338 1406 438 1446 sonis,
467 1404 601 1444 civibus,
623 1402 811 1447 provinciis,
835 1402 929 1435 terris
948 1407 979 1434 et
998 1401 1089 1441 locis,

339 1460 402 1492 snb
432 1458 694 1502 quibuscumque
715 1456 883 1489 tenoribus
902 1460 933 1488 et
967 1455 1090 1494 formis,

341 1512 436 1545 etiam
459 1516 549 1545 motu
568 1516 601 1543 et
628 1508 762 1543 scientia
794 1508 965 1548 similibus,
988 1518 1026 1542 ac
1054 1508 1094 1540 de

341 1564 539 1608 apostolieae
548 1563 714 1607 potestatis
734 1561 936 1606 plenitudine
961 1571 1094 1594 eonces-

342 1619 398 1658 sis,
420 1617 605 1661 approbatis
616 1621 646 1650 et
666 1616 836 1655 innovatis,
850 1615 970 1658 quibus
989 1614 1095 1647 omni-

343 1672 416 1712 bus,
439 1671 577 1711 etiamsi,
598 1681 658 1714 pro
686 1669 816 1702 illorum
838 1667 1010 1701 sufficienti
1044 1667 1098 1700 de-

344 1724 526 1767 rogatione,
551 1724 590 1756 de
610 1722 673 1755 illis
694 1732 872 1764 eorumque
902 1720 977 1753 totis
1004 1725 1097 1753 teno-

346 1778 438 1813 ribus
453 1776 614 1821 speeiahs,
629 1775 781 1820 specifica
798 1780 828 1807 et
845 1784 995 1817 expressa
1010 1784 1099 1807 men-

347 1832 407 1871 tio,
436 1842 494 1865 seu
526 1829 657 1873 quaevis
690 1829 753 1862 alia
777 1827 939 1871 expressio
972 1827 1013 1860 ad
1037 1827 1100 1859 boc

349 1884 504 1919 servanda
523 1884 618 1923 soret,
641 1889 770 1915 tenores
789 1880 987 1922 huiusmodi,
1015 1890 1052 1913 ae
1076 1879 1102 1912 si

351 1938 390 1971 de
410 1937 508 1970 verbo
536 1937 575 1970 ad
596 1936 730 1969 verbum
758 1934 980 1967 insererentur
1010 1943 1103 1976 prae-

352 1990 576 2033 sentibus-,pro
594 1988 791 2022 sufficienter
810 1987 967 2030 expressis
985 1987 1105 2020 haben-

354 2050 411 2084 tes,
432 2043 495 2076 illis
512 2043 590 2076 alias
609 2043 641 2075 in
662 2052 720 2075 suo
731 2041 849 2075 robore
870 2039 1102 2084 permansuris,

355 2099 415 2131 hac
435 2098 504 2130 viee
524 2098 700 2136 dumtaxat,
713 2095 895 2139 specialiter
915 2100 946 2126 et
959 2103 1107 2137 expresse

358 2152 564 2194 derogamus,
584 2150 765 2193 ceterisque
785 2147 956 2183 contrariis
975 2147 1109 2190 quibus-

360 2214 513 2247 euinque.

405 2258 420 2299 ,ξ
439 2256 491 2290 10.
519 2256 604 2291 Nulli
629 2265 706 2298 ergo
726 2254 859 2287 omnino
883 2253 1054 2286 hominum
1071 2252 1110 2284 li-

363 2316 433 2345 ccat
451 2314 510 2343 etc.

408 2363 523 2396 Datum
549 2363 670 2395 Romae
690 2361 777 2405 apud
796 2360 948 2394 Sanctum
961 2359 1113 2397 Marcum,

367 2426 452 2448 anno
472 2415 704 2449 lncarnationis
727 2413 908 2447 dominicae
943 2411 1115 2444 millesimo

369 2470 629 2512 quingentesimo
649 2467 867 2510 octuagesimo
883 2465 1031 2509 septimo,
1054 2464 1116 2509 idi-

369 2517 430 2550 bus
449 2517 652 2560 septembris,
673 2516 880 2559 pontificatus
911 2513 1012 2547 nostri
1033 2522 1118 2546 anno

373 2566 477 2598 tertio.

423 2618 484 2648 Dat.
505 2619 551 2647 «lie
568 2619 604 2648 13
623 2623 696 2657 sept.
720 2617 807 2655 1587,
828 2620 909 2655 pont.
927 2624 1004 2646 anno
1019 2623 1063 2645 ιιι.

921 227 1099 254 nummatum
1123 226 1272 251 ROMANUM

1451 279 1524 311 Clll.

1116 359 1327 402 Confirmatio
1352 358 1592 398 declarationis,
1609 360 1812 393 correctionis
1834 363 1866 391 et

1158 412 1403 455 reformationis
1422 412 1662 444 constitutionis
1680 412 1865 455 Maqalottoe

1160 467 1172 499 i
1175 476 1197 498 n
1204 465 1374 510 provincia
1385 464 1618 497 Romandiolae
1627 463 1862 498 observandae1.

1161 546 1254 575 stritus
1265 546 1336 580 rapa
1347 545 1377 578 V.
1391 545 1425 573 ad
1434 545 1594 580 perpetuam
1604 543 1647 572 rei
1655 543 1823 572 memoriam.

1163 617 1197 649 In
1223 616 1374 649 omnibus
1393 615 1489 648 rebus
1508 615 1659 647 humanis
1689 613 1770 646 nihil
1803 618 1868 649 tam

1120 670 1260 714 perfecte
1282 669 1420 709 institui,
1442 668 1524 700 nibil
1544 668 1619 700 ullis
1645 667 1771 709 legibus
1795 676 1868 699 san-

1122 724 1347 766 ctionibusque
1357 727 1423 755 tam
1434 722 1606 764 diligenter
1618 720 1738 754 muniri
1752 725 1868 764 potest,

1122 777 1201 821 quin
1222 777 1254 810 id
1289 786 1385 819 prava
1414 775 1630 819 quorumdam
1660 773 1872 816 intelligentia

1123 836 1318 874 pervertere,
1340 840 1397 862 seu
1417 828 1449 861 in
1483 828 1583 861 alium
1604 837 1747 867 sensum,
1777 832 1873 870 atque

1124 883 1283 917 sancitum
1295 888 1353 923 est,
1367 887 1581 925 contorquere
1603 880 1766 914 moliatur.
1783 879 1873 913 Unde

1124 947 1182 969 nos
1202 936 1242 969 ad
1264 935 1362 969 huius
1381 935 1565 979 praecelsae
1598 932 1761 975 dignitatis
1784 933 1872 966 sasti-

1126 990 1214 1033 gium
1235 989 1346 1028 evecti,
1368 989 1460 1021 decet
1488 993 1518 1020 et
1546 987 1674 1031 expedit
1706 985 1874 1030 providere

1127 1048 1173 1083 ut,
1185 1052 1281 1087 pravo
1297 1052 1392 1075 sensu
1408 1040 1595 1074 huiusmodi
1615 1038 1793 1080 eliminato,
1806 1039 1873 1079 illa,

1128 1101 1225 1140 prout
1248 1096 1333 1129 facta
1359 1101 1447 1135 sunt,
1469 1094 1690 1137 intelligantur
1709 1098 1740 1126 et
1766 1092 1876 1126 obser-

1127 1155 1252 1190 ventur,
1277 1154 1308 1182 et
1332 1159 1415 1192 quae
1443 1148 1482 1181 ad
1511 1146 1675 1191 publicam
1706 1145 1877 1179 utilitatem

1129 1203 1276 1236 ordinata
1296 1207 1326 1235 et
1339 1202 1513 1235 reformata
1531 1200 1676 1240 fuerunt,
1697 1198 1879 1244 approbare

1130 1262 1161 1290 et
1185 1256 1391 1290 confirmare.
1750 1245 1752 1248 ¹

1175 1311 1190 1353 g
1205 1310 1235 1342 1.
1258 1309 1338 1343 Cum
1352 1309 1474 1352 itaque,
1492 1307 1575 1340 sicut
1585 1306 1783 1351 accepimus,
1800 1315 1881 1339 non·
1919 1313 1987 1350 equ·-
1998 1311 2023 1335 tm

1132 1364 1212 1397 nulli
1229 1363 1359 1403 abusus,
1372 1361 1462 1406 pravi
1479 1361 1660 1394 intellectus
1671 1364 1702 1393 et
1714 1365 1882 1403 corrupte·
1895 1346 2016 1398 'ffihm

1132 1418 1183 1450 lae
1202 1416 1353 1450 adversus
1367 1424 1554 1459 germanam
1568 1413 1814 1456 intelligentiam
1829 1424 1883 1446 eu-

1134 1470 1260 1504 iusdam
1281 1467 1531 1507 constitutionis,
1551 1478 1587 1500 ae
1608 1471 1735 1511 praeter
1751 1471 1782 1499 et
1797 1471 1884 1499 extra
1897 1469 2011 1495 cunutus.

1135 1535 1217 1564 eam,
1244 1533 1342 1567 quam
1361 1522 1439 1555 alias
1476 1520 1651 1564 Gregorius
1677 1519 1883 1563 Magabam,

1136 1588 1264 1623 praeses
1297 1576 1482 1621 provinciae
1521 1580 1649 1607 nostrae
1690 1573 1885 1608 Romandio-

1137 1633 1199 1672 lae,
1218 1630 1317 1664 edidit
1343 1635 1373 1663 et
1400 1628 1637 1673 promulgavit,
1677 1632 1709 1661 et
1741 1631 1889 1671 pustino!

1138 1686 1215 1719 dum
1253 1695 1313 1729 per
1349 1683 1490 1716 diversos
1522 1682 1685 1714 Romanos
1716 1679 1889 1713 Pontifices

1140 1738 1402 1783 praedecessores
1422 1741 1550 1769 nostros
1569 1735 1676 1767 forsan
1700 1732 1891 1766 confirmata

1141 1792 1213 1833 suit,
1239 1797 1270 1824 et
1294 1801 1376 1834 quae
1396 1790 1428 1823 in
1448 1788 1542 1822 viridi
1561 1786 1763 1822 observantia
1782 1786 1842 1819 suit
1859 1791 1892 1818 et

1142 1851 1201 1886 est,
1221 1848 1410 1883 versentur;
1433 1848 1465 1875 et
1482 1841 1606 1886 pluries
1629 1850 1739 1874 coram
1758 1839 1892 1872 diversis

1143 1899 1248 1932 dictae
1270 1897 1456 1942 provinciae
1481 1894 1604 1939 legatis,
1634 1892 1893 1938 praesidentibus

1145 1958 1176 1986 et
1208 1963 1265 1985 seu
1298 1951 1369 1984 aliis
1392 1949 1595 1993 Apostolicae
1624 1947 1716 1981 Sedis
1739 1944 1894 1978 ministris

1146 2005 1243 2039 fuerit
1260 2009 1431 2038 tractatum
1450 2008 1481 2035 et
1491 2006 1616 2035 mature
1636 2000 1817 2033 discussum
1835 2008 1896 2042 pro

1148 2058 1343 2103 extirpandis
1370 2063 1401 2091 et
1425 2055 1554 2100 penitus
1588 2052 1754 2087 abolendis
1781 2051 1897 2085 huius-

1149 2113 1236 2147 modi
1257 2111 1410 2145 abusibus
1429 2115 1459 2143 et
1483 2107 1691 2151 corruptelis3
1713 2111 1745 2139 et
1768 2105 1898 2139 tandem

1150 2166 1261 2200 dilecti
1281 2163 1338 2197 filii
1358 2162 1607 2197 communitates
1627 2165 1658 2193 et
1687 2158 1836 2192 homines
1856 2157 1900 2190 ei-

1151 2221 1298 2259 vitatum,
1312 2225 1484 2256 terrarum,
1500 2219 1680 2248 castrorum
1704 2219 1735 2245 et
1753 2213 1901 2245 locorum

1153 2274 1257 2307 dictae
1272 2271 1456 2316 provinciae
1480 2278 1589 2302 eoram
1614 2266 1733 2299 dilecto
1752 2264 1820 2297 filio
1844 2272 1902 2296 now

1155 2333 1221 2361 stro
1240 2326 1322 2359 lulio
1346 2323 1429 2359 tituli
1441 2321 1548 2356 Sancti
1567 2318 1697 2354 Eusebii
1716 2317 1903 2362 presbytero

1157 2379 1312 2414 cardinali
1341 2376 1481 2411 Canania
1504 2378 1705 2417 nuncupato,
1730 2381 1768 2404 ae
1793 2375 1903 2404 nostro

1158 2440 1188 2467 et
1207 2433 1311 2466 dictae
1344 2430 1434 2464 Sedis
1458 2435 1535 2462 tunc
1565 2425 1720 2470 temporis
1739 2424 1778 2457 de
1806 2423 1904 2456 latere

1158 2488 1274 2530 legato,
1290 2484 1329 2518 ad
1348 2484 1436 2517 hunc
1456 2487 1488 2515 et
1498 2480 1649 2514 eumdem
1664 2477 1813 2511 effectum
1829 2483 1905 2507 con-

1159 2543 1325 2577 venerunt,
1350 2547 1386 2570 ac
1416 2534 1543 2578 negotio
1571 2529 1759 2566 huiusmodi
1791 2527 1846 2562 diu
1874 2531 1907 2559 et.

1198 2618 1209 2643 1
1228 2615 1269 2644 Ex
1284 2614 1395 2649 Regest.
1413 2611 1441 2640 in
1460 2611 1565 2639 Serrei.
1586 2606 1729 2636 Brevium.

1895 1414 1953 1434 num,
1972 1411 2019 1435 qm
2038 1396 2044 1445 Ι

1896 1439 1927 1460 cii
1964 1437 2024 1460 aaut
