2059 3228
53 345 86 377 iq
137 346 211 368 cini.-

51 409 120 439 Ιιῂο
132 407 210 430 aceto-

219 585 292 619 dem
312 585 544 629 omnipotentis
563 585 618 618 Dei
636 584 764 617 laudem
781 590 811 617 et
827 583 960 625 gloriam

212 851 346 893 dralem,
366 852 426 885 sub
445 852 558 885 eadem
578 852 790 890 invocatione,
813 861 873 895 pro
891 860 956 883 uno

210 958 430 993 risdietionem
447 959 664 1004 episcopalem
684 959 798 992 habeat
819 964 849 991 et
869 969 955 992 exer-

208 1017 278 1045 ceat
294 1011 328 1046 in
351 1013 584 1057 spiritualibus,
607 1022 681 1045 cum
702 1022 811 1045 mensa
829 1011 952 1055 episco—

207 1065 283 1109 pali,
303 1076 395 1107 arca,
418 1066 522 1110 sigillo
550 1066 684 1110 aliisque
716 1065 897 1109 insignibus
923 1069 954 1097 et

206 1118 384 1153 honoribus
403 1126 435 1154 et
462 1119 633 1164 privilegiis
646 1146 653 1159 ,
672 1119 790 1163 quibus
809 1119 863 1152 alii
884 1119 952 1163 epi-

205 1173 294 1218 scopi
314 1174 353 1207 de
376 1173 447 1208 iure
465 1174 514 1207 vel
541 1173 772 1207 consuetudine
799 1179 853 1205 aut
873 1174 951 1206 alias

204 1226 446 1268 quomodolibet
455 1226 487 1259 in
496 1226 615 1260 eisdem
625 1227 846 1270 spiritualibus
855 1232 950 1259 utun-

205 1283 269 1319 tur,
291 1279 460 1323 potiuntur
479 1286 510 1313 et
530 1280 688 1323 gaudent,
715 1291 751 1313 ac
771 1281 832 1320 uti,
854 1280 947 1322 potiri

203 1337 234 1366 et
257 1333 397 1375 gaudere
425 1333 669 1377 quomodolibet
699 1339 845 1377 possunt,
869 1343 948 1377 apo-

201 1385 314 1419 stolica
343 1386 545 1428 auctoritate,
570 1393 681 1420 tenore
714 1387 944 1431 praesentium,

201 1444 358 1483 perpetuo
375 1440 530 1483 erigimus
545 1446 576 1473 et
592 1440 801 1481 instituimus3
812 1441 946 1484 illasque

200 1490 246 1524 sic
262 1497 385 1525 erectas
394 1503 519 1526 necnon
531 1493 718 1536 episcopum
730 1493 944 1526 Lauretanum

200 1555 260 1588 pro
278 1551 423 1590 tempore
448 1547 635 1580 existentem
655 1558 691 1580 ac
717 1547 816 1591 ipsius
840 1548 944 1581 eccle—

199 1597 264 1631 siae
293 1599 469 1643 eapitulum
499 1600 601 1633 dictae
635 1600 707 1634 Sedi
746 1601 941 1641 immediate,

199 1651 293 1684 etiam
314 1661 484 1697 perpetuo,
512 1654 712 1695 subficimus,
736 1660 766 1687 et
790 1655 849 1687 sub
869 1665 943 1699 pro-

199 1705 335 1740 tectione
354 1707 522 1741 beatorum
543 1708 627 1741 Petri
653 1713 682 1741 et
703 1708 792 1741 Pauli
813 1715 942 1752 aposto-

196 1757 300 1792 lorum
317 1760 521 1804 suscipimus.
543 1761 685 1802 Necnon,
700 1772 773 1794 cum
794 1764 942 1806 nuperri-

197 1821 248 1844 me
258 1812 412 1846 unionem
425 1814 501 1847 olim
522 1815 560 1848 de
576 1815 711 1848 ecclesia
732 1815 941 1849 Recanatensi

196 1871 228 1898 'et
239 1866 373 1899 ecclesia
389 1867 609 1909 Maceratensi,
627 1868 738 1902 eadem
751 1869 939 1903 auctoritate

195 1923 351 1961 perpetuo
368 1919 495 1958 saetam,
518 1921 556 1954 de
572 1921 706 1954 consilio
724 1928 754 1954 et
777 1923 940 1965 potestatis

194 1970 396 2014 plenitudine
433 1972 603 2013 similibus,
631 1974 885 2016 dissolverimus,
909 1982 940 2008 et

193 2024 408 2058 venerabilem
429 2026 560 2060 fratrem
576 2032 721 2059 nostrum
745 2027 938 2069 Galeatium,

194 2077 380 2121 episcopum
408 2079 667 2120 Maeeratensem,
690 2092 707 2112 a
726 2080 853 2113 vinculo
873 2083 938 2125 quo

194 2129 297 2164 dietae
313 2131 466 2165 ecclesiae
483 2132 705 2171 Recanatensi‚
727 2132 778 2165 cui
799 2138 874 2166 tunc
891 2145 938 2167 ra-

192 2182 280 2217 tione
299 2183 429 2217 unionis
441 2184 787 2228 huiusmodiprzeerat,
805 2187 936 2219 teneba-

192 2241 256 2278 tur,
278 2237 518 2277 absolverimus,
531 2249 568 2271 ac
583 2238 614 2270 in
633 2238 715 2271 dicta
727 2239 867 2271 Ecclesia
879 2239 937 2272 Re-

193 2291 353 2324 canatensi
379 2301 498 2324 nomen
522 2296 552 2324 et
579 2291 708 2324 titulum
730 2292 933 2334 cathedralis,

191 2351 319 2376 necnon
336 2343 456 2384 sedem,
479 2344 663 2386 dignitatem
686 2351 715 2376 et
737 2355 878 2377 mensam
904 2356 936 2378 e-

191 2391 370 2435 piscopales
390 2392 676 2435 suppresserimus,
700 2393 865 2436 ipsamque
885 2404 934 2426 ec-

191 2439 319 2472 clesiam
348 2440 596 2473 Recanatensem
614 2441 645 2473 in
668 2441 867 2483 collegiatam
886 2452 935 2474 re-

191 2487 386 2527 duxerimus,
402 2489 558 2522 civitatem
570 2495 676 2521 tamen
684 2490 931 2523 Recanatensem

191 2535 319 2570 titulum
327 2538 656 2570 etdenominationem
666 2538 797 2570 civitatis
810 2544 934 2582 propte-

190 2593 244 2618 rea
262 2595 328 2618 non
347 2586 501 2628 amisisse,
525 2586 567 2619 ita
584 2593 617 2620 ut
638 2587 725 2620 illius
738 2588 932 2622 habitatores

874 211 976 235 sixt-us
995 213 1013 234 r
1033 211 1078 235 .r.

80 309 85 314 .
273 267 288 310 ἓ
312 265 343 298 2.
370 265 407 298 Et
430 270 598 309 propterea
626 264 792 307 cupientes
815 264 969 307 oppidum
1012 263 1094 296 cives
1113 263 1312 298 denominari
1329 272 1356 298 et
1379 265 1550 309 privilegiis
1574 265 1690 298 civium
1707 265 1753 298 uti

128 315 214 343 '’¹⁰⁰¹’'
227 325 258 354 et
277 318 443 353 ecelesiam
470 317 655 351 huiusmodi
675 317 873 357 dignioribus
893 317 969 349 titu-

59 376 211 407 *wbssmsso
225 371 263 406 lis
283 377 313 406 et
340 372 524 405 nominibus
548 372 711 410 decorare,
740 371 845 403 habita
873 381 968 413 super

55 442 81 468 ις
97 439 119 461 ει
137 438 209 461 uiuo·
223 425 286 459 hoc
307 436 382 458 cum
410 425 562 458 fratribus
590 424 707 457 nostris
735 423 966 456 deliberatione

223 484 361 520 matura,
383 479 423 512 de
444 489 556 512 eorum
578 478 712 512 consilio
732 483 763 511 et
782 487 911 510 assensu
929 488 965 509 ae

220 531 413 576 apostolicae
425 532 589 576 potestatis
601 531 812 575 plenitudine,
831 531 869 563 ad
879 530 964 563 eius-

217 643 248 672 et
263 638 364 682 ipsius
385 639 418 672 Β.
433 638 549 671 Mariae
564 636 702 680 Virginis
712 637 869 669 honorem
885 647 961 669 nec-

215 701 281 724 non
315 691 573 725 christifidelium
606 689 782 724 devotionis
808 700 961 733 augmen-

215 749 296 785 tum,
327 745 482 789 oppidum
510 744 543 777 in
564 743 721 777 civitatem
749 743 959 776 Lauretanam

213 798 478 843 nuncupandam,
503 797 672 832 ecclesiam
695 808 769 830 vero
789 797 822 829 in
849 797 958 830 cathe-

211 905 363 950 episcopo
383 907 561 940 Lauretano
581 906 811 950 nuncupando,
834 905 889 949 qui
910 905 957 938 iu-

1646 202 1709 237 667
1767 209 1820 237 An.
1836 208 1866 238 c.
1882 211 1950 239 1586

1012 324 1139 360 possent
1167 319 1369 352 decernendo
1386 330 1393 355 ;
1416 320 1559 352 Castrum
1575 319 1699 352 Ficardi
1714 319 1752 352 ab

1011 370 1215 408 lnocinium,
1237 378 1263 403 et
1287 372 1317 404 S.
1341 372 1456 405 Mariae
1474 373 1511 405 de
1534 371 1686 404 casciano
1711 371 1751 404 ab

1008 422 1195 463 Auximana,
1223 430 1251 456 et
1279 425 1389 457 Montis
1424 425 1546 468 Lupon'i
1565 420 1700 468 'oppida
1732 435 1749 457 a

1007 475 1153 508 Firmana
1172 476 1385 517 dioecesibus,
1412 478 1527 521 quibus
1553 478 1583 510 in
1603 477 1750 521 spiritua-

1006 528 1088 561 libus
1108 529 1250 562 subiecta
1270 537 1360 569 sunt,
1383 531 1570 563 aucun-itate
1588 536 1618 564 et
1638 536 1748 564 tenore

1005 581 1198 624 praemissis,
1230 583 1376 616 similiter
1411 589 1565 626 perpetuo
1598 583 1747 616 dismem-

1003 634 1134 668 bramus
1158 641 1188 668 et
1213 637 1381 668 dividimus
1400 642 1426 669 et
1455 647 1652 679 separamus,
1678 636 1745 670 illa-

1002 698 1064 731 que
1084 689 1129 721 sic
1149 689 1376 722 dismembrata
1396 695 1425 722 et
1445 696 1601 733 separata,
1628 701 1665 723 ac
1689 700 1743 723 eo-

1001 752 1072 774 rum
1090 742 1212 775 incolas
1231 749 1261 775 et
1280 743 1487 783 habitaiores,
1510 744 1549 776 ab
1573 744 1661 776 omni
1691 744 1741 777 iu-

1000 795 1184 829 risdictione
1218 802 1249 830 et
1282 802 1435 841 potestate
1475 802 1505 828 ct
1541 797 1741 831 subiectione

998 850 1198 890 Anconitani,
1221 850 1387 882 Auximani
1409 861 1445 883 ac
1460 850 1600 883 Firmani
1615 850 1738 894 episco-

998 913 1112 946 porum
1151 914 1209 946 pro
1234 909 1379 946 tempore
1414 903 1630 943 existentium,
1662 914 1738 938 nec-

997 967 1060 989 non
1098 957 1257 990 solutione
1289 957 1487 990 decimarum
1523 957 1642 990 eisdem
1673 958 1737 1001 epi-

995 1010 1100 1054 scopis
1118 1021 1176 1054 per
1195 1021 1249 1044 eos
1269 1010 1464 1050 debitarum,
1487 1020 1523 1043 ex
1542 1015 1619 1043 tunc
1634 1010 1672 1043 de
1684 1022 1736 1043 ce-

995 1071 1062 1098 tero
1082 1064 1240 1103 facienda,
1261 1064 1373 1098 itidem
1392 1069 1550 1108 perpetuo
1567 1064 1735 1097 eximimus

993 1123 1023 1151 et
1041 1118 1226 1151 liberamus

1034 1172 1049 1215 g
1073 1171 1104 1205 3.
1130 1172 1261 1205 Necnon
1278 1172 1347 1215 ipsa
1367 1183 1402 1204 ac
1423 1171 1732 1205 civitatemRecana-

993 1231 1112 1258 tensem
1145 1226 1342 1269 praedictam
1380 1225 1532 1270 illiusque
1565 1230 1595 1258 et
1633 1226 1733 1259 Castri

992 1279 1115 1312 Ficardi
1132 1290 1168 1312 ac
1188 1279 1380 1323 oppidorum
1408 1279 1647 1323 praedictorum
1670 1286 1732 1312 ter-

990 1332 1110 1372 ritoria,
1133 1343 1191 1376 pro
1216 1333 1353 1365 dioecesi
1386 1333 1463 1365 dicti
1488 1333 1629 1376 episcopi
1655 1334 1732 1366 Lau-

989 1385 1106 1427 retani;
1129 1386 1259 1419 illorum
1276 1396 1350 1419 vero
1364 1396 1491 1419 necnon
1509 1386 1731 1419 civitatisLau-

989 1444 1104 1472 retanae
1116 1439 1347 1472 ecclesiasticas
1362 1450 1516 1482 personas
1527 1450 1586 1483 pro
1597 1440 1682 1473 clero
1700 1446 1730 1473 et

987 1492 1181 1525 habitatores
1205 1503 1264 1536 pro
1285 1493 1619 1536 populo,auetoritate
1631 1499 1659 1526 et
1682 1499 1727 1525 te-

986 1557 1062 1579 nore
1078 1547 1274 1589 praemissis,
1301 1546 1447 1579 similiter
1463 1552 1619 1591 perpetuo
1650 1558 1726 1580 con-

984 1599 1128 1632 cedimus
1148 1605 1179 1632 et
1202 1599 1412 1642 assignamus.

1026 1653 1041 1696 ξ
1064 1653 1096 1686 4.
1114 1653 1156 1685 Ac
1170 1663 1229 1697 pro
1241 1653 1562 1696 episcopiLauretutii
1575 1664 1632 1697 pro
1645 1660 1724 1687 tem·
1760 1663 1920 1697 ¹mnsdunrum

984 1717 1059 1750 pore
1084 1706 1246 1739 existentis
1267 1707 1352 1744 dote,
1367 1717 1463 1749 qnam
1477 1717 1634 1739 summam
1648 1707 1724 1739 duo-
1738 1694 1922 1751 ss¹L'[¹.:'¹¹ffs0⁵‘fflJ

984 1770 1053 1792 rum
1071 1760 1207 1792 millium
1228 1766 1393 1792 scutorum
1414 1759 1516 1791 dictae
1541 1760 1723 1803 provinciae
1737 1756 1919 1807 ζξὲζξζὸἷξξῗωῑω

982 1813 1175 1846 constituere
1195 1813 1311 1846 debere
1333 1813 1545 1852 declaramus,
1571 1813 1678 1845 omnia
1694 1819 1724 1846 et
1781 1802 1791 1813 Β

981 1866 1105 1909 singula
1116 1865 1399 1906 fructus,1·edditus
1410 1871 1438 1898 et
1454 1866 1722 1909 proventus,iura,

980 1920 1187 1952 obventiones
1207 1925 1237 1952 et
1252 1920 1482 1958 emolumenta,
1506 1919 1537 1951 in
1558 1919 1722 1962 quibusvis

981 1973 1075 2006 rebus
1100 1978 1130 2006 et
1154 1973 1345 2011 actionibus,
1376 1977 1406 2004 et
1436 1972 1553 2015 ubique
1574 1973 1720 2005 locorum

979 2026 1185 2059 consistentia
1193 2031 1223 2058 et
1234 2025 1466 2069 provenientia,
1479 2030 1506 2057 et
1520 2025 1558 2057 ad
1578 2025 1720 2067 quamvis

977 2090 1136 2112 summam
1157 2078 1371 2118 ascendentia,
1390 2079 1491 2111 dictae
1511 2089 1636 2111 mensae
1657 2079 1720 2122 epi-

978 2133 1114 2177 scopalis
1131 2132 1356 2165 Recanatensis
1375 2132 1419 2164 sic
1433 2139 1719 2175 suppressaeetex-

979 2187 1104 2227 tinctae,
1132 2192 1162 2220 et
1188 2196 1270 2230 quae
1299 2186 1337 2218 ad
1363 2185 1450 2218 illam
1475 2186 1718 2228 quomodolibet

977 2245 1121 2283 spectant
1140 2245 1169 2272 et
1186 2239 1358 2282 pertinent,
1381 2250 1417 2271 ac
1437 2244 1509 2271 ante
1534 2239 1619 2272 illius
1643 2251 1718 2283 sup-

978 2293 1174 2335 pressionem
1212 2298 1241 2325 et
1273 2291 1499 2325 extinctionem
1533 2292 1717 2325 huiusmodi

975 2347 1087 2389 quovis
1097 2346 1165 2378 iure
1182 2346 1366 2389 spectabant
1376 2351 1405 2377 et
1417 2345 1629 2389 pertinebant,
1643 2357 1715 2390 spe-

975 2400 1125 2437 ctareque
1151 2400 1182 2426 et
1215 2393 1373 2436 pertinere
1393 2399 1540 2436 poterant
1552 2412 1566 2434 ,·
1590 2404 1715 2427 necnon

974 2443 1073 2475 Castri
1087 2443 1208 2475 Ficardi
1225 2449 1255 2475 et
1270 2442 1462 2485 oppidorum
1479 2443 1714 2477 territoriorum

976 2491 1158 2524 huiusmodi
1174 2491 1313 2523 decimas
1334 2490 1711 2533 episcopisAnconitano,

975 2540 1161 2578 Auximano,
1185 2544 1215 2571 et
1235 2539 1382 2572 Firmano
1401 2540 1479 2572 solvi
1500 2540 1618 2578 solitas,
1641 2541 1714 2574 resi-

973 2588 1072 2621 duum
1112 2598 1184 2621 vero
1211 2588 1372 2621 dictorum
1404 2588 1543 2622 duorum
1575 2589 1712 2623 millium

1774 1178 1874 1202 Dimcesis
1890 1182 1929 1204 de-

1747 1210 1842 1235 signatio.
