2059 3228
306 209 369 243 938

261 270 445 314 approbatis
462 276 490 303 et
510 270 678 303 innovatis.
700 270 822 309 Quibus
840 271 1004 311 omnihus,

260 319 354 352 ctiam
375 318 400 350 si
420 319 459 351 dc
475 320 538 351 illis
555 330 734 361 eorumque
750 320 824 353 totis
840 320 1007 353 tenoribus

259 367 418 411 specialis,
440 368 603 411 specifica,
627 368 791 401 individua
808 374 838 402 et
858 380 1006 413 expressa
1026 387 1029 418 3

258 427 294 448 ac
319 416 358 448 de
379 417 476 450 verbo
501 418 540 450 ad
557 417 704 457 verbum,
727 428 792 451 non
816 425 923 452 autem
948 419 1029 462 per!

258 465 417 499 clausulas
460 466 627 508 generales
663 466 749 499 idem
779 466 1003 511 importantes,

256 514 378 547 mentio
395 524 451 547 seu
471 514 601 557 quaevis
612 514 672 548 alia
684 510 846 559 expressio
857 516 1006 549 habenda
1024 519 1028 542 Ι

255 563 294 594 ad
315 563 378 595 hoc
398 563 552 595 servanda
576 563 670 603 soret,
698 564 829 597 illorum
862 570 1002 606 tenores,

254 622 291 644 ac
313 610 337 644 si
365 611 403 644 de
423 611 520 646 verbo
541 612 581 645 ad
601 613 749 654 verbum,
774 613 853 646 nihil
876 614 1005 658 penitus

254 660 382 700 omisso,
403 665 434 693 et
452 660 556 694 forma
576 661 608 694 in
629 662 676 695 eis
695 662 811 695 tradita
822 663 1001 704 observata,

254 708 363 741 inserti
384 708 490 742 forent
508 711 744 753 praesentibus,
767 721 826 755 pro
846 712 1003 756 expressis

254 757 417 798 habentes,
442 758 506 791 illis
537 759 615 792 alias
640 761 672 792 in
700 771 758 794 suo
788 760 904 794 robore
930 772 1004 805 per-

253 807 428 847 mansuris,
449 807 511 841 hac
530 807 598 841 vice
619 809 797 851 dumtaxat,
819 810 1003 854 specialiter

251 860 282 886 et
312 865 460 899 expresse
486 857 692 900 derogamus
715 858 895 902 ceterisque
923 869 1001 892 con-

250 903 359 936 trariis
391 904 666 949 quibuscumque.
698 907 852 940 Volumus
893 913 1000 941 autem

249 953 336 995 quod
356 954 577 997 praesentium
588 955 689 999 copiis
704 955 769 989 sive
780 957 1000 1001 transumptis,

250 1002 346 1034 etiam
377 1002 554 1047 impressis.
575 1009 606 1037 et
631 1015 728 1037 manu
748 1005 887 1039 alicuius
902 1016 1000 1050 supe-

249 1050 344 1084 rioris
377 1051 540 1086 dictorum
574 1053 709 1086 fratrum
739 1054 1000 1087 Reformatorum

244 1099 451 1144 subscriptis,
475 1102 621 1145 plenaria
650 1103 770 1145 ubique
796 1103 877 1136 fides
907 1104 1000 1137 adhi-

248 1148 379 1190 bentur,
402 1149 435 1181 in
455 1149 576 1184 iudicio
592 1157 623 1184 et
643 1157 742 1194 extra,
765 1163 802 1187 ac
822 1152 848 1186 si
860 1153 1001 1197 origina-

248 1196 322 1230 liter
342 1198 582 1233 exhiberentur.

292 1247 307 1290 ξ
336 1246 390 1280 16.
426 1247 512 1281 Nulli
546 1260 622 1293 ergo
647 1250 780 1285 omuino
813 1251 997 1294 hominum,

248 1299 305 1328 etc.

290 1344 405 1378 Datum
420 1346 541 1381 Romae
562 1349 647 1392 apud
669 1349 824 1383 Sanctum
845 1350 998 1391 Marcum,

247 1404 332 1426 anno
360 1394 594 1430 Incarnationis
618 1398 800 1432 dominicae
826 1400 998 1433 millesimo

246 1443 508 1486 quingentesimo
528 1447 747 1490 octuagesimo
768 1448 918 1492 septimo,
940 1448 999 1482 idi-

246 1491 306 1525 bus
344 1494 506 1536 octobris,
536 1496 746 1540 pontificatus
777 1498 878 1531 nostri
912 1509 998 1532 anno

247 1542 355 1576 tertio.

288 1594 350 1626 Dat.
370 1597 414 1627 die
431 1598 469 1628 15
491 1598 588 1628 octob.
607 1600 693 1635 1587,
715 1601 822 1640 pontis.
846 1610 893 1632 an.
911 1610 956 1632 111.

65 214 119 243 An.
132 214 161 244 C.
181 217 246 246 1587

75 1276 162 1297 Sanctio
176 1280 234 1303 poe-

50 1309 113 1329 nus.

580 1731 666 1765 CVII.
1006 1732 1012 1753 ¹

250 1806 337 1845 Quod
363 1810 430 1839 tam
450 1807 642 1850 professores
664 1807 798 1842 Ordinis
817 1808 852 1842 S.
879 1801 1008 1842 Hiero-¹

292 1856 386 1898 mimi
405 1857 517 1900 oppidi
541 1857 580 1890 de
599 1857 744 1890 Escurial
764 1857 888 1890 nullius
914 1858 999 1890 dioc-

291 1905 380 1943 cese'S,
399 1907 588 1947 provinciae
610 1906 780 1939 Tolelamtc
794 1908 998 1950 qzttzmetidm

291 1955 467 1987 saeculares
479 1982 486 1992 ,
509 1956 617 1988 clerici
635 1967 672 1989 ac
692 1957 782 1997 laici,
802 1958 858 2000 qni
876 1957 914 1989 in
933 1958 996 1990 col-

292 2002 372 2044 quio
392 2005 572 2036 eorumdem
593 2005 737 2047 fratrum
770 2005 945 2048 tlzeotoyiae
969 2011 997 2038 et

291 2052 516 2095 philosophiae
527 2064 653 2096 operam
666 2055 795 2087 dederim
803 2059 823 2095 l,
827 2060 996 2099 postquam

293 2112 401 2134 rursus
419 2103 601 2135 studiorum
610 2104 817 2147 perfecerint,
840 2109 869 2138 et
888 2105 925 2138 de
941 2106 998 2139 ltoc

292 2150 385 2191 [Idem
404 2152 616 2192 oble'nzwrint,
637 2153 762 2196 possint
781 2154 882 2197 recipi
897 2159 926 2187 et
942 2155 999 2188 ad-

292 2200 382 2231 mitti
396 2200 438 2231 od
453 2211 660 2244 quoscumque
678 2202 798 2245 aradus
815 2205 999 2245 maqistcrii

295 2253 322 2278 v:
344 2248 526 2282 doctoratus
554 2251 586 2282 in
616 2262 812 2294 qmccnmque
834 2252 998 2285 Univcrsi-

294 2296 358 2324 lale
381 2293 570 2326 Stttct'iorzon
597 2297 799 2338 (jener-alium
828 2297 865 2329 in
890 2299 999 2340 refluis

294 2340 487 2383 Hispaniae.

294 2416 390 2444 sixtus
401 2418 472 2454 Papa
480 2418 509 2452 V,
521 2419 554 2447 ad
562 2421 722 2455 perpetuam
735 2421 776 2449 rei
785 2406 953 2451 memoriamss

296 2485 375 2519 Dum
397 2497 506 2521 suaves
523 2494 617 2533 atque
638 2491 755 2523 uberes
773 2484 898 2525 ‘fructus
916 2502 998 2536 quos

80 2542 212 2564 Prooemtum.
254 2533 285 2566 iu
305 2545 382 2577 agro
408 2536 533 2569 Domini
559 2539 616 2571 viri
651 2540 827 2572 litterarum
861 2541 997 2574 maxime

290 2607 301 2632 1
319 2605 361 2633 Ex
374 2606 483 2641 ltegcst.
500 2608 528 2634 in
549 2608 654 2636 Secrct.
678 2610 818 2637 [trevium.

854 217 1033 242 BULLARIUM
1055 218 1207 243 nmmum!

1809 220 1864 250 Au.
1877 220 1909 251 G.
1928 227 1948 245 ³-

1049 281 1215 304 sacrarum
1233 275 1264 304 et
1278 270 1502 315 philosophiae
1513 273 1645 308 scientia
1658 273 1796 320 praediti
1932 271 1947 281 ⁹

1048 323 1176 357 assidue
1188 324 1385 368 producunt,
1399 325 1507 358 animo
1523 328 1794 372 contemplamur,

1049 377 1081 409 in
1101 387 1172 411 eain
1201 388 1314 411 curam
1338 378 1477 412 libenter
1500 379 1730 422 incumbimus,
1760 387 1796 416 ut

1047 430 1081 463 in
1098 431 1361 475 quibuscumque
1390 431 1557 465 christiani
1583 433 1671 467 orbis
1695 435 1794 478 parti-

1047 483 1118 524 bus,
1141 484 1331 528 praesertim
1347 495 1421 517 vero
1435 485 1495 518 sub
1510 486 1736 528 religiosorum
1748 488 1796 521 di-

1047 536 1183 580 sciplina
1203 537 1236 579 ii,
1259 537 1314 581 qui
1335 538 1367 570 in
1387 538 1573 572 huiusmo‘di
1595 539 1709 573 studiis
1718 550 1795 584 pro·

1046 598 1175 631 gressus
1187 589 1321 631 faciunt,
1335 588 1674 635 congruis'honoribus
1685 598 1716 626 et
1728 593 1795 638 pri—

1044 640 1169 685 vilegiis
1188 642 1395 677 decorentur.
1950 675 1952 677 -

1054 695 1105 738 *g
1135 695 1167 729 1.
1204 696 1327 740 Exponi
1359 697 1520 741 siquidem
1546 698 1641 731 nobis
1673 698 1795 736 curavit
1820 707 1941 745 cangaof.

1045 747 1231 783 carissimus
1256 750 1290 783 in
1319 750 1447 784 Christo
1475 751 1563 785 tilius
1591 758 1702 786 noster
1721 739 1919 786 Plii-“mnp'n

1044 800 1152 846 lippus
1171 803 1399 847 Hispaniarum
1420 815 1473 837 rex
1494 805 1685 847 catholicus,
1707 806 1794 850 quod

1043 854 1076 887 in
1095 855 1232 900 collegio
1250 857 1387 891 fratrum
1408 858 1536 892 Ordinis
1555 859 1587 893 S.
1605 860 1791 904 Hieronymi

1043 907 1131 941 iuxta
1158 910 1391 944 monasterium
1412 911 1443 944 S.
1467 912 1630 946 Laurentii
1658 913 1686 946 el
1708 913 1788 947 Rcal

1043 963 1220 1006 nuncupati
1240 964 1385 998 eiusdem
1410 964 1549 1006 Ordinis,
1572 961 1673 1010 prope
1688 972 1721 1000 et
1740 977 1791 1000 ex·

1042 1022 1092 1049 tra
1106 1027 1216 1050 muros
1231 1017 1339 1062 oppidi
1354 1018 1391 1051 de
1410 1018 1562 1052 Esczcrial
1572 1020 1692 1054 nullius
1702 1019 1791 1054 dioe-

1042 1070 1122 1103 cesis
1140 1070 1324 1114 provinciae
1351 1072 1521 1105 Toletanae
1550 1073 1590 1106 ab
1616 1073 1687 1118 ipso
1714 1083 1790 1117 rege

1040 1123 1175 1157 fundato
1187 1129 1217 1158 et
1238 1124 1357 1166 dotato,
1373 1125 1428 1166 ita,
1450 1126 1577 1159 iuvante
1587 1126 1736 1168 Domino,
1745 1127 1790 1160 vi-

1040 1182 1117 1220 gent
1136 1183 1169 1211 et
1187 1178 1304 1212 florent
1323 1179 1356 1212 in
1375 1179 1443 1213 dies
1454 1180 1555 1224 magis
1569 1180 1729 1214 bonarum
1740 1192 1790 1214 ar-

1039 1230 1121 1264 tium
1146 1236 1178 1265 et
1196 1232 1386 1276 praesertim
1406 1233 1631 1279 philosophiae
1648 1241 1679 1268 et
1693 1235 1786 1269 theo-

1040 1284 1145 1328 logiae
1163 1286 1282 1327 studio,
1302 1291 1398 1330 atque
1422 1298 1459 1321 ea
1478 1287 1645 1331 diligentia
1658 1293 1689 1321 et
1707 1288 1784 1322 assi-

1040 1337 1162 1372 duitate
1186 1339 1279 1372 multi
1303 1339 1420 1373 eximia
1447 1340 1592 1374 doctrina
1622 1347 1653 1374 et
1676 1341 1786 1385 singu-

1039 1391 1099 1425 lari
1125 1393 1307 1427 eruditione
1338 1394 1602 1437 praestantissimi
1621 1395 1693 1437 viri‚
1723 1406 1787 1428 non

1039 1456 1132 1479 secus
1151 1452 1247 1492 atque
1264 1447 1510 1482 Universitatum
1530 1446 1718 1482 Studioruin
1731 1459 1785 1493 gc-

1039 1500 1200 1534 neralium
1220 1502 1343 1545 publici
1367 1502 1504 1536 lectores
1530 1503 1658 1536 easdem
1685 1503 1786 1537 sacul-

1038 1558 1119 1587 tates
1139 1554 1345 1598 profitentur,
1366 1562 1403 1589 ut
1421 1556 1485 1589 iam
1505 1567 1569 1590 non
1593 1557 1699 1590 solum
1722 1557 1787 1590 sra-

1038 1612 1104 1641 tres
1123 1608 1200 1642 dicti
1215 1609 1355 1651 Ordinis,
1375 1610 1432 1644 sed
1449 1610 1586 1644 aliarum
1602 1611 1699 1644 etiam
1710 1622 1787 1655 qua-

1039 1670 1256 1706 rumcumque
1281 1673 1493 1707 personarum
1526 1664 1678 1708 frequens
1709 1675 1787 1698 con·

1039 1726 1154 1751 cursus
1181 1716 1222 1750 ad
1252 1717 1465 1761 capessendas
1484 1717 1663 1762 praedictas
1689 1717 1784 1752 disci-

1038 1770 1143 1814 plinas
1163 1780 1201 1804 eo
1221 1769 1359 1804 libenter
1383 1771 1546 1805 accedant.
1573 1771 1676 1811 Quare
1700 1771 1786 1805 idem

1038 1833 1106 1864 rex,
1134 1823 1321 1858 monasterii
1346 1829 1377 1858 et
1395 1824 1523 1868 collegii
1544 1825 1800 1876 praedictorum,

1038 1876 1193 1911 fundator
1225 1883 1256 1911 et
1289 1884 1464 1922 patronus,
1496 1878 1589 1912 nohis
1619 1878 1802 1918 humiliter,

1038 1930 1233 1974 supplicavit
1259 1936 1294 1964 ut
1322 1931 1495 1972 studiosis,
1518 1931 1573 1976 qui
1603 1931 1682 1965 illuc
1712 1934 1801 1964 con-'

1038 1983 1155 2025 fluunt,
1177 1995 1217 2018 ne
1237 1991 1309 2029 post
1328 1986 1493 2019 absolutos
1507 1985 1586 2018 inibi
1607 1982 1806 2018 studiorum'

1039 2048 1153 2071 cursus
1173 2044 1204 2071 et
1223 2039 1351 2072 labores
1374 2038 1490 2072 debitis
1503 2044 1535 2072 et
1553 2038 1714 2072 consuetis
1728 2039 1788 2072 ho-

1038 2091 1172 2124 noribus
1188 2097 1220 2124 et
1233 2092 1462 2135 praerogativis
1483 2091 1662 2125 defi-nudati
1682 2102 1788 2125 rema—

1038 2151 1148 2185 neant,
1178 2150 1362 2189 opportune
1381 2145 1552 2190 providere
1576 2145 1614 2179 de
1642 2143 1787 2189 benigni-

1039 2203 1102 2231 tate
1121 2198 1298 2241 apostolica
1317 2198 1538 2241 dignaremur.
1966 2242 1973 2249 Κ

1082 2251 1097 2295 ἓ
1122 2251 1154 2284 2.
1180 2252 1244 2285 Nos
1264 2252 1384 2296 itaque,
1406 2252 1551 2286 eiusdem
1571 2251 1656 2295 regis
1679 2251 1786 2296 preci-
1803 2256 1927 2309 '‘-31'”5⁶⁵{⁵,{'
1938 2255 1983 2301 μή,

1037 2304 1098 2338 bus
1126 2304 1284 2346 inclinati,
1314 2305 1471 2339 universis
1497 2312 1528 2339 et
1550 2306 1698 2349 singulis5
1720 2312 1785 2339 tam
1798 2295 1820 2340 ii
1830 2294 1926 2340 iiim..
1940 2293 1952 2315 ‘¹

1038 2357 1115 2390 dicti
1143 2357 1270 2392 Ordinis
1302 2358 1542 2403 professoribus
1564 2369 1662 2403 quam
1690 2358 1786 2392 etiam

1038 2407 1272 2448 saecularibus,
1300 2408 1426 2441 clericis
1450 2409 1497 2441 vel
1529 2407 1631 2448 laicis,
1662 2408 1718 2451 qui
1752 2408 1787 2440 in

1038 2456 1203 2500 praedicto
1224 2457 1360 2501 collegio
1380 2457 1568 2491 huiusmodi
1582 2457 1788 2491 facultatibus

1038 2515 1169 2548 operam
1191 2506 1360 2546 dederint,
1389 2517 1566 2551 earumque
1590 2506 1786 2550 professores

1038 2555 1210 2596 audierint,
1230 2555 1255 2589 si
1277 2561 1308 2588 et
1327 2562 1494 2600 postquam
1509 2566 1598 2589 moro
1607 2555 1702 2589 solito
1711 2565 1784 2588 cur-

1038 2613 1091 2636 sus
1110 2605 1292 2638 studiorum
1312 2605 1560 2649 perfecerint‚‚ct
1570 2605 1608 2638 (lc
1619 2605 1679 2638 hoe
1690 2604 1784 2637 tidem
