2059 3228
20 312 34 354 ἐ

9 139 42 233 ἐξ
50 178 85 210 C„
96 179 162 208 1587

826 179 928 203 stwtts
953 180 981 202 V.
1006 180 1052 202 ΙΨ.

177 229 386 262 secretarium
430 231 663 273 pi·.·i·=di··t.⁴iruni
695 231 834 273 eligendi
879 231 928 263 in-

178 282 342 316 stituimus
359 290 385 315 et
409 284 612 327 deputamus.

223 337 238 380 ἓ
265 336 316 369 ¹13.
349 337 415 369 Non
449 339 650 370 obstantibus
680 339 872 382 praemissis,
893 349 928 372 ac

20 359 165 453 :fluxuum
180 390 281 423 felicis
300 391 531 423 recordationis
552 392 595 424 l‘ii
629 393 684 424 ΙΨ.
715 393 760 431 ll',
797 392 930 436 praede-

180 444 315 476 cessoris
344 445 453 480 nostri,
484 446 522 478 de
547 446 705 478 similibus
726 446 770 478 rel
793 445 931 478 dissimi-

161 496 264 530 'libus
297 498 417 540 gratiis,
450 498 580 530 indultis
610 505 636 531 et
668 499 931 532 concessionibus

181 550 212 582 in
237 550 370 584 Camvra
406 552 586 594 Apostoliea
608 552 692 584 intra
717 557 780 584 tres
806 562 931 585 menses

181 605 423 647 praesentandis
443 611 471 637 et
489 605 705 647 registrandis,
720 617 754 637 ac
766 606 836 637 aliis
853 615 930 637 ‹fon-

180 657 402 691 stitutionibus
413 664 441 690 et
459 658 717 691 ordinationibus
733 659 928 702 apostolicis,

179 711 315 756 aliisque
341 712 492 745 omuibus
527 717 555 744 et
589 712 736 755 singulis,
763 724 845 755 quae
872 713 931 745 nii-

180 765 267 798 nime
297 765 424 798 obstare
461 766 623 801 volumus,
652 772 680 798 et
716 776 798 809 quae
837 766 932 798 latius

180 828 329 861 expressa
357 824 387 851 et
421 819 605 862 specificata
640 820 769 851 suerunt
806 819 837 851 in
862 819 932 852 aliis

1612 171 1674 206 847

971 231 1057 262 {abili
1079 231 1317 274 disponsatione
1338 234 1497 272 ordinata,
1525 240 1552 266 et
1574 234 1665 277 quasi
1687 233 1718 266 in

970 284 1126 327 quosdam
1152 287 1270 325 gradus
1294 287 1445 319 distincta
1468 287 1518 326 sit,
1534 292 1584 327 ut,
1603 298 1718 321 seeun-

970 338 1045 369 dum
1069 339 1231 381 propriam
1254 340 1466 379 vocatiouem,
1485 340 1584 384 aliqui
1608 341 1637 373 in
1658 340 1720 374 hoc

971 390 1092 423 mundo
1127 393 1359 435 temporalibus
1401 393 1502 437 copiis
1541 394 1718 434 abundent,

971 444 1069 488 aliqui
1092 445 1288 477 mediocrem
1310 452 1364 478 aut
1391 452 1520 479 tenuem
1541 447 1636 480 vitam
1664 447 1720 481 de-

971 503 1056 539 gant,
1078 497 1209 540 quidam
1231 504 1339 531 autem
1361 510 1520 543 pauperes
1541 506 1571 533 et
1591 500 1722 533 misera-

972 550 1052 583 biles
1072 550 1145 589 sint,
1169 551 1222 593 qui
1245 551 1350 584 aliena
1370 552 1502 585 divitum
1525 564 1586 597 ope
1611 553 1650 586 ad
1671 553 1720 586 sui

972 603 1239 636 sustentationem
1279 604 1454 647 indigeant,
1491 607 1578 650 quod
1617 613 1645 639 et
1680 607 1721 639 ita

972 667 1101 700 semper
1121 658 1200 697 sore,
1216 657 1335 702 Moyses
1346 659 1504 702 populum
1526 660 1621 693 Israel
1642 670 1723 703 prte-

973 710 1112 750 monuit,
1148 710 1276 744 dicens:
1306 711 1376 744 Non
1407 712 1537 746 deerunt
1566 724 1722 757 pauperes·

973 764 1007 795 in
1040 767 1125 796 terra
1156 764 1370 797 liulu'tutionis
1401 770 1492 798 tuae:
1521 766 1639 799 idcirco
1668 777 1721 809 eqo

971 818 1136 861 praccipio
1158 818 1228 857 tibi,
1250 823 1284 851 vut
1305 820 1433 861 aperius
1458 830 1591 852 numum
1622 819 1723 860 fratri

179 870 295 904 litteris
328 872 445 904 nostris
478 872 650 905 erectionis
685 872 801 905 montis
831 873 930 916 pacis,
950 888 952 909 .
974 875 1025 903 tuo
1046 881 1153 913 eyeizo,
1176 873 1363 914 etpuuperi,
1387 873 1442 915 que?
1463 877 1563 905 tecum
1578 877 1724 905 versatur

180 934 264 967 quae
288 925 337 957 liis
360 936 420 969 pro
441 925 587 969 repetitis
607 931 637 957 et
662 925 779 958 iteruin
807 910 953 972 specui-¹2

973 925 1007 956 in
1030 928 1126 957 [erra.
1147 925 1182 957 Et
1202 925 1357 958 Dominus
1373 926 1540 969 discipulis
1560 926 1625 959 suis
1645 937 1721 959 eon-

181 977 259 1010 eatis
283 978 393 1011 baberi
418 979 580 1016 volumus,
605 979 786 1021 ceterisque
807 985 934 1012 contra-
951 974 953 1026 l
973 977 1111 1010 firmavit
1143 978 1206 1011 illis
1242 979 1365 1012 verbis:
1402 979 1534 1023 Semper
1567 990 1723 1023 pauperes

181 1031 237 1064 riis
264 1031 536 1075 quibuscumque.
570 1032 724 1065 Volumus
749 1044 878 1076 quoquo
899 1033 953 1066 uti
974 1031 1132 1063 habebitis
1151 1032 1321 1064 vobiseum.
1340 1032 1410 1075 lpse
1426 1038 1533 1066 tamen
1544 1043 1653 1066 rerum
1675 1033 1723 1065 di-

181 1085 400 1129 praesentium
415 1086 635 1129 transumptis,
648 1086 742 1119 etiam
758 1086 933 1130 impressis,
951 1068 953 1102 Ι
972 1083 1118 1116 Υἰηᾱιᾞη]
1134 1090 1229 1128 atque
1249 1085 1467 1118 humanarum
1483 1092 1589 1119 rector
1603 1096 1639 1118 ac
1653 1096 1722 1119 mo-

182 1143 213 1171 et
237 1149 334 1171 manu
355 1139 494 1172 alicuius
514 1140 631 1172 notarii
653 1140 774 1184 publici
794 1141 842 1173 vel
876 1140 932 1173 de-

183 1191 318 1224 fensoris
352 1202 411 1235 pro
439 1198 582 1236 tempore
614 1193 777 1225 existentis
807 1193 934 1236 collegii

183 1244 259 1278 dicti
285 1245 403 1278 montis
430 1245 634 1289 subscriptis,
666 1252 696 1279 et
716 1246 820 1289 sigillo
847 1247 933 1280 eius-

183 1298 256 1332 dem
277 1298 395 1332 montis
417 1299 466 1332 vel
487 1299 626 1333 cuiusvis
650 1311 807 1344 personae
827 1301 858 1333 in
883 1301 934 1333 di-

183 1352 305 1396 gnitate
325 1353 542 1386 eeelesiastica
567 1354 760 1387 constitutae
791 1355 933 1393 munitis,

185 1407 299 1440 eadem
323 1418 457 1452 prorsus
482 1407 562 1440 sides
585 1408 796 1446 adhibeatur,
825 1408 856 1441 in
884 1408 934 1442 iu-

185 1460 272 1494 dicio
295 1465 326 1494 et
349 1466 446 1501 extra,
482 1462 593 1503 regula
618 1471 674 1494 seu
705 1461 934 1494 constitutione

186 1525 392 1558 quacumque
425 1514 586 1548 contraria
615 1514 699 1547 edita
733 1515 781 1547 vel
811 1515 935 1548 edenda

185 1577 252 1600 non
271 1567 429 1609 obstante,
444 1579 527 1612 quae
552 1568 628 1612 ipsis
649 1568 862 1611 originalibus
886 1568 936 1601 lit-

185 1621 264 1655 teris
292 1622 520 1663 adhiberetur,
559 1622 585 1654 si
619 1628 723 1656 esseut
758 1622 935 1663 exhibitae,

186 1675 236 1708 vel
260 1681 418 1709 ostensae.

231 1728 345 1762 Datum
356 1729 478 1763 Romae
497 1730 581 1774 apud
594 1730 624 1763 S.
639 1730 782 1771 Petrum,
799 1730 858 1763 sub
879 1740 936 1763 an-

187 1782 266 1815 nulo
276 1782 458 1823 Piscatoris,
473 1783 524 1816 die
537 1794 619 1816 xxvu
634 1783 744 1828 aprilis
755 1793 935 1825 MDLxxxvu,

189 1835 396 1880 pontificatus
414 1837 515 1870 nostri
541 1848 626 1870 anno
650 1847 683 1870 11.

230 1893 292 1924 Dat.
305 1894 353 1925 die
367 1895 405 1925 27
424 1895 528 1935 aprilis
548 1895 634 1931 1587,
649 1896 754 1935 pontis.
770 1904 847 1925 anno
861 1904 893 1925 11.

499 2015 639 2048 LXXXV.

191 2102 363 2137 Institutio
383 2104 555 2148 hospitalis
572 2115 751 2148 pauperum
782 2105 941 2138 mendico-

236 2168 310 2190 rum
335 2159 372 2190 in
394 2158 475 2191 Urbe
498 2158 541 2191 ad
561 2169 609 2190 eos
627 2160 680 2201 pie
696 2159 861 2197 alendum,
891 2169 941 2190 eo-

236 2221 371 2254 rumque
394 2211 525 2244 animae
563 2215 592 2244 et
618 2212 744 2254 corpori
771 2211 945 2243 salum-iter

239 2264 479 2305 consulendum,
497 2275 569 2297 cum
583 2275 767 2297 uunuorum
784 2264 944 2296 redituum

240 2321 269 2350 et
291 2317 537 2361 privileyiorum
556 2318 788 2361 assiynulioue.

269 2397 366 2425 Sixtus
379 2396 531 2433 episcopus.
551 2404 646 2426 servus
666 2404 806 2426 servorum
819 2397 880 2430 Dei,

341 2451 375 2479 ad
393 2451 554 2486 perpetuam
569 2451 610 2480 rei
629 2452 799 2480 memoriam.

243 2513 390 2552 Quamvis
420 2513 549 2547 infirma
581 2520 611 2547 et
642 2515 729 2547 varia
763 2515 947 2548 mortalium

201 2563 342 2596 conditio
363 2563 405 2595 ita
425 2562 548 2596 divinae
570 2563 787 2603 providentiae
822 2564 948 2597 inscru-

974 1137 1103 1170 derator
1126 1138 1221 1177 Deus,
1244 1138 1299 1181 qui
1319 1139 1400 1172 vitae
1421 1139 1564 1172 subsidia
1592 1145 1622 1172 et
1647 1149 1723 1182 opes

974 1190 1019 1223 sie
1039 1190 1252 1234 inaequaliter
1265 1191 1452 1225 hominibus
1471 1192 1667 1225 distribuens
1687 1203 1722 1224 ac

974 1243 1130 1284 dividens,
1156 1255 1222 1278 non
1242 1244 1314 1279 ideo
1335 1245 1474 1279 iniustus
1499 1250 1553 1278 aut
1579 1245 1721 1288 iniquus,

974 1298 1062 1342 quod
1082 1297 1176 1340 absit,
1207 1298 1272 1332 dici
1302 1304 1418 1342 potest,
1440 1310 1500 1332 nec
1533 1299 1601 1332 sine
1629 1309 1724 1332 eausa

975 1351 1074 1392 elficit
1094 1357 1129 1384 ut
1148 1352 1202 1385 alii
1231 1353 1363 1386 affluant
1386 1358 1418 1386 et
1448 1353 1625 1394 abundent,
1654 1353 1724 1385 aliis

975 1415 1051 1437 vero
1071 1405 1149 1438 haec
1170 1405 1238 1449 ipsa
1258 1406 1363 1439 desint
1386 1412 1417 1439 et
1438 1406 1498 1439 illis
1523 1412 1647 1450 egeant,
1669 1406 1724 1439 sed

976 1464 1012 1491 ut
1030 1459 1090 1492 hac
1109 1459 1158 1492 via
1179 1459 1292 1493 divites
1318 1460 1449 1503 quidem
1471 1471 1546 1493 suae
1576 1460 1724 1503 benigni-

976 1512 1048 1545 tatis
1067 1523 1104 1546 ac
1132 1513 1237 1547 fidelis
1265 1514 1554 1547 administrationis
1582 1514 1726 1558 praemia

977 1567 1150 1611 accipiant,
1178 1578 1338 1611 pauperes
1373 1579 1448 1601 vero
1482 1579 1540 1612 per
1576 1569 1725 1601 virtutem

977 1621 1152 1664 patientiae
1173 1622 1332 1662 coronati,
1350 1622 1446 1664 digna
1459 1622 1606 1655 mercede
1627 1622 1727 1654 hono-

978 1680 1110 1714 rentur3
1135 1675 1247 1715 voluit,
1270 1686 1329 1718 pro
1354 1686 1410 1708 sua
1427 1675 1583 1708 immensa
1604 1675 1635 1707 in
1656 1674 1726 1707 uni-

977 1739 1104 1761 versum
1130 1739 1232 1771 genus
1256 1729 1434 1761 humanum
1457 1728 1586 1762 caritate
1607 1740 1642 1761 ae
1670 1729 1725 1762 be-

978 1782 1162 1823 neficentia,
1186 1783 1389 1826 potissimum
1415 1793 1490 1824 erga
1514 1793 1673 1826 pauperes
1697 1788 1725 1815 et

980 1846 1097 1878 egenos
1118 1846 1187 1869 eain
1213 1836 1384 1878 specialem
1409 1847 1446 1868 ae
1468 1842 1656 1879 perpetuam
1675 1847 1729 1868 cu-

981 1899 1049 1921 ram
1074 1889 1246 1932 diligenter
1265 1889 1423 1929 adbiberi,
1446 1895 1481 1922 ut
1513 1900 1617 1932 neque
1647 1888 1728 1922 indi-

981 1947 1104 1985 gerent,
1129 1953 1249 1986 'neque
1286 1942 1469 1975 mendicare
1513 1947 1727 1984 cogerentur,

982 1996 1253 2039 quemadmodum
1270 2002 1300 2029 et
1321 1996 1485 2039 praedicto
1501 1996 1622 2039 populo
1636 1995 1730 2029 lsrael

983 2061 1041 2093 per
1065 2050 1213 2082 eumdem
1244 2050 1367 2092 Mmsen
1385 2060 1532 2092 expresse
1554 2049 1728 2082 mandavit:

985 2102 1125 2135 Omnino
1157 2104 1306 2144 indimus
1339 2107 1367 2135 e!
1394 2103 1558 2135 uzeiuiicus
1581 2114 1642 2135 uon
1671 2103 1731 2135 eril

985 2157 1070 2188 iuter
1088 2167 1153 2193 vos,
1172 2161 1205 2189 ut
1219 2156 1382 2188 beimlical
1400 2157 1458 2188 tibi
1477 2156 1636 2188 Dominus
1649 2157 1733 2189 Deus

986 2214 1057 2242 tuus
1077 2210 1110 2241 iu
1130 2214 1227 2249 tei-ru,
1250 2220 1343 2252 quum
1363 2210 1543 2242 traditurus
1560 2214 1603 2242 est
1626 2211 1685 2242 titi
1698 2211 1732 2242 iuv

982 2264 1221 2307 possessiouem.
1249 2263 1283 2295 E!
1319 2262 1402 2295 iuter
1435 2263 1670 2303 stu-istifideles,
1701 2263 1733 2295 in

986 2317 1055 2360 ipso
1067 2315 1226 2349 nascentis
1239 2316 1399 2348 Ecclesiae
1419 2316 1518 2356 initio,
1539 2317 1598 2349 sub
1618 2317 1734 2349 sanctis

987 2369 1139 2413 apostolis
1158 2369 1253 2412 plene
1273 2375 1433 2401 servatum
1450 2379 1529 2408 esse,
1547 2370 1734 2402 eorumdem

989 2419 1207 2462 apostolorum
1226 2424 1295 2450 aeta
1316 2423 1484 2450 testantur.
1511 2418 1616 2461 Neque
1634 2419 1733 2458 enim,

990 2468 1151 2511 inquiunt,
1165 2468 1330 2510 quis-quum
1351 2477 1442 2511 eacus
1458 2471 1526 2499 erut
1547 2468 1633 2500 iuter
1651 2468 1733 2500 illos.

989 2516 1092 2555 Quare
1114 2516 1195 2548 idem
1215 2516 1368 2548 Dominus
1392 2521 1500 2549 noster
1531 2516 1621 2549 Jesus
1671 2517 1736 2548 liri-

991 2572 1069 2600 stus.
1096 2567 1205 2599 volens
1226 2566 1347 2598 mundo
1367 2565 1528 2607 universo,
1555 2577 1591 2599 ac
1613 2566 1736 2607 praeci-

1734 181 1785 207 An.
1803 180 1822 208 C
1852 181 1914 208 1587

1748 241 1917 268 Pauperumeun-

1734 275 1813 296 ventio,
1849 273 1916 298 piet-is

1734 307 1755 324 et
1771 304 1917 323 misericordi-i

1734 336 1902 356 commendatur.
