2059 3228
153 250 206 279 Αιι.
219 249 248 279 c.
266 250 332 279 1587
393 239 457 274 914

692 294 751 327 ull.

350 383 529 426 Prim'leyia
549 385 577 414 et
601 379 826 416 ¹immunitates
837 386 895 420 pro
919 374 1095 417 aedifican-

395 437 478 470 tibus
496 435 544 467 vel
565 432 789 467 habitantibus
808 431 845 463 in
870 430 928 463 Via
952 427 1049 461 Felici
1068 430 1097 459 et

382 491 431 522 ·in
460 489 519 522 Via
538 488 604 520 Pia>
627 487 733 520 almae
756 484 861 518 Urbis.

421 574 518 603 sixtus
536 573 688 608 episcopus,
708 576 804 600 servus
822 574 964 598 servorum
982 566 1039 598 Dei,

486 629 520 656 ad
542 627 703 663 perpetuam
724 625 767 654 roi
797 622 966 653 memoriam.

396 700 493 733 Decet
511 699 692 732 Romanum
712 695 915 733 Pontificem,
929 697 1001 737 post,
1015 691 1099 724 mul-

182 767 221 787 mc
242 764 339 799 Pontifex⁸
352 760 400 788 tas
419 758 451 787 et
474 762 584 796 graves
609 749 776 795 pastoralis
795 748 843 781 sui
877 745 973 780 officii
994 754 1100 784 curas,

157 796 437 848 {isstflmssimssssffsshanc
457 815 586 850 quoque
598 814 664 837 non
674 802 892 846 negligere,ut
915 800 999 832 alma
1025 797 1102 830 urbs

157 857 340 916 ἱζζῇζζῧηῖιξξὲζ
354 861 466 901 Roma,
488 860 521 892 in
541 870 617 903 qua,
638 867 704 890 non
724 857 792 889 sine
810 855 866 888 Dei
886 854 1061 891 voluntate,
1086 862 1104 884 a

157 922 203 957 ὼε
219 920 273 940 ¹⁸¹⁸ss
293 924 342 955 διξο-
354 914 473 947 vicario
486 923 545 945 suo
557 912 652 945 Beato
662 911 756 944 Petro
777 908 996 953 apostolorum
1013 905 1102 949 prin-

157 953 342 1010 Zl'lnitiiffiil
356 967 438 1011 cipe,
455 971 564 999 sancta
580 965 677 998 Sedes
691 962 885 1007 Apostolica,
908 961 947 992 ad
958 958 1104 992 omnium

157 1018 201 1065 {1¹5¹
212 1014 250 1065 ,2⁹
261 1013 341 1065 θῖξξξὲ
356 1019 613 1054 christifidelium
634 1016 894 1051 commoditatem
924 1011 1105 1056 religionis-

157 1074 343 1128 ssfflffnssffi·
356 1084 419 1118 que
439 1074 676 1106 incrementum
697 1069 869 1103 constituta
881 1067 994 1106 extitit,
1016 1071 1047 1099 et
1066 1065 1105 1097 ad

159 1136 198 1163 vn,
340 1137 466 1171 .quam‚
485 1125 563 1159 olim
584 1124 683 1164 orbis,
701 1133 787 1155 nunc
803 1122 898 1155 etiam
921 1119 1106 1153 christianm

343 1175 522 1224 ¹religionis
552 1183 660 1222 caput,
691 1186 825 1219 magnus
858 1176 893 1208 fit
913 1182 1106 1212 concursus,

345 1230 423 1268 ⁴non
442 1233 538 1266 modo
557 1231 751 1264 salutaribus
782 1228 916 1271 legibus,
949 1226 1107 1269 bonisque

347 1286 503 1333 ,moribus
523 1285 556 1318 in
573 1284 742 1318 meliorem
760 1288 877 1316 statum
897 1280 1105 1320 reformetur,

357 1341 413 1375 sed
433 1340 522 1373 novis
548 1338 643 1372 etiam
663 1337 800 1376 viarum,
821 1335 979 1374 vicorum,
1002 1333 1108 1376 regio-

358 1404 438 1428 num
458 1399 553 1436 atque
580 1390 802 1424 aedificiorum
832 1387 1049 1427 incrementis,
1069 1386 1109 1418 ad

359 1446 472 1491 populi
492 1446 526 1478 in
545 1444 625 1484 dies,
645 1442 859 1477 benedicente
884 1441 1033 1479 Domino,
1057 1450 1110 1472 ex-

360 1499 536 1533 crescentis
580 1503 611 1531 et.
648 1495 881 1530 confluentium
916 1494 1111 1526 advenarum

361 1553 569 1586 commodum
590 1551 717 1584 assidue
733 1550 895 1582 dilatetur.
913 1547 1016 1587 Quod,
1035 1546 1111 1578 dum

361 1607 402 1640 ab
418 1606 509 1639 initio
530 1605 629 1638 nostri
650 1603 857 1647 pontificatus
876 1601 988 1635 sedulo
1009 1599 1111 1633 medi-

360 1663 517 1699 taremur,
545 1657 641 1691 simul
666 1657 775 1695 etiam,
796 1661 832 1689 ut
855 1655 894 1688 ad
914 1653 1113 1687 venerandas

363 1712 507 1747 eiusdem
530 1710 622 1744 Urbis
641 1710 802 1749 basilicas,
819 1713 888 1741 toto
910 1708 991 1740 orbe
1015 1713 1115 1739 terra-

362 1776 437 1799 rum
473 1764 627 1804 celebres,
651 1762 854 1796 commodius
889 1767 919 1793 et
948 1760 1115 1793 decentius

363 1818 446 1852 adiri
462 1823 581 1862 posset,
603 1821 698 1860 atque
720 1816 752 1848 in
772 1815 817 1848 eis
842 1814 1043 1857 frequentius
1069 1813 1116 1846 vi-

363 1871 499 1905 sitandis
521 1870 632 1914 populi
652 1869 779 1902 devotio
808 1873 995 1911 augeretur,
1025 1877 1117 1911 prae-

365 1924 477 1958 sertim
498 1924 595 1957 veteri
612 1934 702 1956 more
722 1927 907 1955 sanctorum
922 1920 1116 1954 Pontificum

354 1978 552 2021 'tuostrorum
572 1977 871 2020 praedecessorum,
884 1974 917 2006 in
927 1973 1118 2007 stationibus

361 2025 398 2064 ¹et
431 2029 671 2074 pontificatibus
704 2028 836 2072 capellis
875 2033 985 2060 nostra
1025 2037 1118 2070 prae-

364 2083 471 2118 sentia
490 2082 692 2116 celebrandis
705 2092 762 2125 per
781 2092 840 2114 nos
859 2086 1025 2121 renovato,
1054 2080 1119 2112 vias

368 2137 555 2180 complures
574 2137 652 2168 latas
671 2140 702 2168 et
721 2135 860 2167 directas
876 2134 915 2166 ad
927 2133 1055 2166 easdem
1064 2132 1120 2165 ba-

368 2190 479 2223 silicas
493 2188 715 2233 patefecimus.

415 2243 430 2285 g
455 2242 485 2275 t.
509 2241 641 2274 Necnon
662 2240 863 2274 uberrimum
885 2245 917 2272 et
941 2237 1121 2282 copiosissi-

227 2309 360 2345 rontemqup
372 2305 462 2328 mum
482 2294 604 2328 nitidae
629 2299 661 2326 et
679 2293 911 2326 saluberrimae
931 2302 1033 2335 aquae
1050 2292 1121 2324 son-

177 2340 360 2398 Zl''‘'{u„0¹{?<¹‚¹f⁰;:
372 2354 450 2388 tem,
478 2358 561 2390 quae
578 2347 663 2380 Felix
681 2351 901 2389 nuncupatur,
919 2344 1122 2378 nosti-asolli-

179 2400 518 2459 {Z'ssisscfiflli'ffss’ffitudine
550 2405 581 2433 et
610 2399 730 2443 ingenti
755 2399 911 2443 impensa,
942 2397 1064 2431 difficili
1093 2402 1123 2430 et

374 2454 537 2487 laborioso
561 2464 660 2497 opere
690 2463 870 2496 magnaque
902 2451 1060 2484 industria
1084 2450 1123 2483 ad

374 2507 560 2550 superiores
590 2512 696 2550 partes
723 2506 856 2539 collium
890 2504 990 2548 ipsius
1018 2503 1121 2544 Urbis,

380 2568 455 2591 curn
475 2558 613 2591 maximo
633 2559 729 2591 totius
747 2558 856 2602 populi
878 2557 996 2601 gaudio
1019 2562 1048 2589 et
1067 2567 1124 2600 ap-

381 2611 508 2654 plausu,
535 2611 575 2644 ad
600 2612 763 2655 publicam
790 2611 971 2653 utilitatem,
992 2611 1056 2645 Deo
1079 2610 1125 2644 sa-

940 234 1117 264 BULLARIUM
1140 233 1289 258 ROMANUM

1136 292 1240 326 vente,
1263 284 1397 328 perduci
1416 282 1607 323 curavimus,
1625 288 1661 315 ut
1684 281 1766 315 cives
1787 285 1817 313 et
1832 280 1880 312 in-

1138 340 1227 373 colae
1243 338 1386 372 eiusdem
1406 336 1510 376 Urbis,
1537 336 1660 369 viarum
1684 341 1714 368 et
1742 335 1881 368 sontium

1138 391 1378 432 commoditate,
1399 390 1495 423 simul
1516 389 1611 422 etiam
1640 388 1721 422 aeris
1747 388 1882 422 salubri-

1137 452 1214 487 tate,
1249 451 1345 488 atque
1370 444 1470 488 ipsius
1497 442 1559 476 loci
1595 441 1826 479 eminentioris>
1852 446 1884 474 et

1139 499 1329 544 patentioris
1366 496 1557 531 amoenitate
1592 494 1716 538 perfrui
1747 494 1881 537 possint,

1140 551 1427 594 construendisque
1438 549 1572 582 aedibus
1583 548 1622 581 ad
1633 546 1885 580 commodiorem

1140 605 1370 639 habitationem
1397 603 1497 647 spatia
1529 601 1668 634 habeant
1695 600 1820 640 latiora,
1849 609 1888 632 ac

1141 659 1340 693 nobilissima
1360 668 1435 702 pars
1454 655 1546 690 Urbis
1577 665 1641 688 non
1674 654 1770 687 modo
1799 663 1888 686 sum-

1142 713 1264 759 ptuosis
1288 718 1433 745 veterum
1444 709 1719 743 substructionum
1733 705 1888 749 vestigiis,

1143 768 1198 801 sed
1208 766 1365 808 religiosis
1378 765 1473 797 etiam
1491 762 1681 795 christianae
1693 758 1891 803 antiquitatis

1144 818 1362 853 monumentis
1393 816 1538 859 insignis,
1568 814 1659 848 novis
1687 812 1841 846 aedificiis
1860 816 1892 844 et

1144 874 1325 907 incolarum
1347 870 1540 915 frequentia,
1562 869 1594 901 in
1610 867 1780 912 pristinum
1794 865 1895 899 decus

1145 933 1176 961 et
1196 926 1427 963 celebritatem,
1448 923 1567 956 nostris
1592 911 1796 966 potissimum
1813 923 1898 952 tem-

1145 981 1290 1025 poribus,
1313 979 1514 1012 restituatur.

1189 1035 1204 1078 g
1224 1034 1255 1066 ⁹2.
1277 1033 1450 1077 Cupientes
1463 1030 1560 1074 igitur
1571 1028 1760 1063 eorumdem
1773 1025 1901 1059 incola—⁷

1146 1099 1220 1121 runi
1241 1086 1412 1127 etciviuni,
1430 1093 1556 1128 necnon
1568 1081 1741 1116 curialium
1761 1085 1793 1113 et
1811 1088 1893 1122 quo-

1147 1149 1364 1183 rumcumque
1381 1137 1626 1182 peregrinorum
1645 1145 1682 1167 eo
1694 1141 1893 1167 concurren-

1148 1195 1228 1228 tium
1238 1190 1551 1234 commodisplenius
1573 1187 1754 1227 consulere,
1776 1194 1895 1228 eosque

1149 1248 1188 1281 ad
1196 1245 1383 1280 huiusmodi
1393 1249 1515 1289 partem
1525 1241 1619 1275 Urbis
1629 1250 1703 1273 cum
1711 1238 1798 1272 omni
1807 1236 1898 1281 quie-

1149 1307 1180 1334 te
1189 1306 1219 1334 et
1227 1299 1458 1343 tranquillitate
1469 1295 1724 1334 inhabitandam,
1743 1291 1897 1334 novisque

1150 1354 1300 1388 domibus
1324 1351 1524 1396 replendam,
1543 1347 1736 1392 apostolicae
1751 1343 1899 1387 benigni-

1151 1408 1222 1441 tatis
1241 1406 1402 1440 savoribus
1430 1409 1460 1437 et
1494 1402 1605 1446 gratiis
1634 1400 1786 1433 invitare:
1808 1403 1900 1431 motu

1151 1460 1283 1506 proprio
1303 1464 1381 1493 etex
1401 1462 1487 1491 certa
1502 1461 1611 1489 nostra
1630 1452 1776 1492 scientia,
1789 1457 1900 1485 aucto-

1152 1515 1245 1547 ritate
1257 1512 1444 1557 apostolica,
1462 1516 1574 1543 tenore
1587 1505 1818 1551 praesentium,
1828 1514 1902 1548 per-

1154 1574 1251 1612 petuo
1272 1566 1443 1600 statuimus
1462 1569 1493 1596 et
1512 1562 1700 1596 ordinamus
1714 1557 1802 1603 quod
1814 1568 1903 1601 quae-

1155 1631 1294 1663 cumque
1332 1619 1446 1651 domus
1479 1622 1511 1649 et
1547 1613 1704 1652 aedificia,
1728 1621 1810 1656 quae
1844 1619 1904 1654 per

1155 1674 1280 1718 quasvis
1315 1681 1484 1716 personaS,
1515 1669 1751 1709 cuiuscumque
1782 1669 1907 1704 status,-

1155 1727 1286 1771 gradus,
1305 1725 1427 1759 ordinis
1445 1724 1494 1756 vel
1508 1719 1699 1756 conditionis
1719 1719 1901 1756 existentes,

1157 1781 1189 1813 in
1206 1780 1256 1813 via
1270 1790 1363 1818 nova,
1388 1777 1486 1810 Felici
1506 1778 1702 1817 nuncupata,
1715 1772 1755 1804 ab
1770 1770 1906 1804 ccclesia

1158 1835 1292 1868 Sanctae
1308 1832 1423 1865 Mariae
1434 1829 1559 1863 Maioris
1570 1837 1671 1871 usque
1687 1837 1723 1859 ac
1737 1823 1904 1858 ecclesiam

1159 1886 1383 1921 Sanctissimae
1410 1883 1571 1916 Trinitatis
1593 1882 1625 1913 in
1648 1880 1751 1912 Monte
1783 1876 1906 1916 Pincio,

1159 1952 1217 1984 per
1236 1942 1296 1972 no's
1314 1943 1411 1972 strata
1431 1947 1467 1970 ac
1487 1936 1620 1973 directa,
1649 1942 1776 1966 necnon
1795 1931 1828 1964 in
1855 1930 1905 1962 via

1159 1995 1214 2027 Pia
1232 2004 1289 2037 per
1308 2003 1366 2026 nos
1390 1991 1485 2024 etiam
1505 1994 1654 2032 aequata,
1670 1997 1688 2020 a
1707 1985 1826 2029 palatio
1846 1994 1905 2016 no-

1160 2053 1226 2080 stro
1244 2046 1275 2079 in
1295 2046 1398 2078 Monte
1427 2041 1582 2083 Quirinali
1611 2050 1713 2083 usque
1737 2039 1775 2071 ad
1801 2037 1906 2070 eccle-

1162 2101 1241 2134 siam
1261 2100 1293 2133 S.
1311 2099 1488 2135 Susannae,
1505 2101 1536 2128 et
1551 2095 1583 2127 in
1599 2093 1675 2127 vicis
1690 2102 1791 2136 prope
1806 2090 1907 2123 dictas

1161 2154 1226 2186 vias
1244 2151 1419 2194 dirigendis
1434 2159 1493 2194 pro
1506 2154 1650 2191 tempore
1664 2148 1906 2182 construentur,

1163 2217 1201 2240 ex
1219 2214 1428 2248 quocumque
1448 2202 1577 2239 delicto,
1596 2197 1802 2243 quantumvis
1819 2195 1908 2240 gravi

1162 2258 1367 2302 (criminibus
1396 2262 1503 2289 tamen
1541 2253 1663 2287 divinae
1688 2257 1719 2284 et
1746 2251 1908 2283 humanae

1163 2310 1332 2345 Maiestatis
1346 2311 1450 2342 laesae
1471 2313 1594 2341 tantum
1619 2304 1783 2348 exceptis),
1805 2301 1907 2336 confi-

1164 2365 1246 2399 scari
1266 2374 1330 2397 non
1346 2363 1479 2406 possint,
1501 2361 1555 2394 sed
1573 2369 1686 2393 eorum
1706 2355 1845 2390 dominis
1861 2354 1908 2387 vel

1164 2413 1195 2446 in
1216 2413 1261 2446 eis
1280 2413 1329 2445 ius
1340 2410 1533 2444 habentibus
1544 2414 1574 2442 et
1584 2405 1823 2441 successoribus
1833 2401 1908 2442 suis,

1165 2461 1298 2506 perinde
1326 2471 1362 2493 ac
1384 2460 1409 2492 si
1438 2459 1554 2492 delicta
1577 2467 1642 2489 non
1662 2452 1906 2490 commisissent,

1165 2512 1258 2544 firma
1278 2510 1427 2542 etillaesa
1447 2516 1613 2540 remanere
1629 2504 1776 2537 debeant.

1209 2561 1224 2603 ξ
1257 2560 1286 2591 ,3.
1316 2559 1358 2591 Ac
1388 2563 1568 2601 propterea,
1598 2554 1684 2598 quod
1714 2552 1733 2584 ii
1769 2550 1824 2593 qui
1852 2558 1910 2592 per

1166 2609 1331 2643 biennium
1366 2607 1555 2640 continuum
1576 2604 1676 2637 dictas
1709 2602 1821 2634 domos
1852 2609 1908 2632 seu

2029 1038 2030 1050 l
2044 1048 2045 1052 1

1907 1059 2020 1082 difiomlfftr
2040 1086 2044 1088 -

1908 1091 1947 1112 via
1971 1090 2025 1114 mie
2041 1113 2044 1123 Δ

1908 1121 1948 1144 Vin
1960 1121 1998 1144 rt·
2010 1128 2020 1144 n

1908 1153 1939 1174 <ni
1952 1153 2004 1181 quoa
2026 1144 2044 1172 ἦ

1909 1184 1957 1206 sicin
1965 1187 2021 1206 const

1910 1216 1942 1243 dn,
1957 1220 1982 1237 ex
1991 1220 2017 1244 qu
2028 1229 2029 1232 ,
2040 1236 2045 1243 Δ

1910 1251 1950 1274 que
1989 1251 2024 1274 pra
2042 1245 2045 1264 '.

1911 1283 1972 1306 quam
1994 1276 1997 1277 ⁷
2014 1277 2028 1298 l:

1911 1308 2023 1338 maiestatis

1911 1343 1954 1366 cto,
1979 1344 2017 1362 eon
2041 1350 2043 1357 v

1912 1373 2023 1400 nequem.

1924 2594 2003 2621 busque
2039 2593 2042 2614 ἶ

1924 2627 2008 2647 ennium

1978 3186 2009 3228 sa:
