2059 3228
879 227 982 251 surus
1000 227 1019 250 v
1040 226 1086 250 ΡΡ.

220 277 424 322 lymphaticis
452 284 484 312 et
512 279 657 312 fanaticis
677 280 866 312 mulieribus
888 281 963 312 dae-

219 341 332 364 mones
355 331 394 365 dc
423 332 539 365 suturis
567 333 613 365 vel
635 333 770 366 occultis
792 333 886 365 iebus
912 338 965 365 aut

214 383 308 417 ,factis
327 385 512 428 exquirunt,
544 392 578 419 ut
601 386 713 419 merito
741 387 780 418 ab
806 387 863 425 eis,
885 396 965 429 quos

216 437 371 471 Dominus
403 439 433 471 in
460 440 632 482 Evangelio
654 445 757 472 tacere
785 439 962 482 impermit.

216 501 312 524 vanas
332 493 565 535 tueiidacesque
578 494 714 525 reserant
726 492 960 535 responsiones.

215 543 278 577 Atii
302 555 433 589 quoque
460 546 735 589 praestigiatores,
763 545 963 588 st'es1t112=titi11s
1004 543 1091 575 sibus
1108 549 1163 576 aut
1184 544 1219 576 iis
1240 546 1430 587 artisutibus,
1449 560 1530 591 quae
1551 551 1589 582 ab
1611 551 1751 585 bumana

215 608 290 631 vero
310 599 522 632 mulierculae
542 600 701 641 quaedam
727 598 962 642 superstitioni-
1003 596 1165 629 voluntate
1186 599 1337 641 pendent,
1361 607 1447 633 certo
1467 603 1588 646 aliquid
1618 610 1749 637 eventu-

214 650 275 684 bus
294 650 432 693 deditae,
455 652 487 685 in
504 652 620 695 phialis
634 663 690 685 seu
705 652 841 685 vasculis
856 652 963 684 vitreis
1003 660 1075 682 rum
1105 651 1265 684 affirmare
1293 654 1427 694 audent,
1457 657 1619 700 permissIs
1643 663 1749 691 tamen

214 714 298 748 aqua
318 705 434 748 plenis,
455 706 503 738 vel
524 705 554 737 in
576 705 874 748 speculo,accensis
887 716 961 738 can·
981 710 984 757 Ι
1003 703 1132 737 iudiciis
1162 710 1193 737 et
1232 708 1431 740 naturalibus
1463 710 1748 752 observationibus,

1646 219 1712 255 649
1769 230 1822 259 An.
1840 230 1868 259 c.
1881 231 1950 259 1586

1006 279 1086 311 illud
1106 278 1189 311 iuter
1206 286 1310 313 cetera
1329 282 1538 314 constitutum
1563 282 1657 315 suerit
1672 288 1705 315 ut
1722 294 1753 315 e-
1768 293 1833 313 unro-
1881 294 1950 313 exur-

1008 331 1129 374 piscopi
1151 332 1320 373 diligenter
1346 335 1547 376 providi-rent
1574 346 1613 367 ne
1638 324 1953 381 liuius-liffiisslffiifiss}

1007 384 1090 415 modi
1112 386 1300 427 astrologiae
1323 387 1509 420 iutliriariae
1532 389 1615 428 libri,
1634 395 1750 422 tracta-
1765 383 1798 408 ⁶¹³
1812 386 1916 415 ”⁰²⁸¹“l‘1

37 226 47 264 1
63 245 65 249 ·
94 227 128 258 ,0.
139 229 208 260 1⁵⁸6

1007 443 1055 469 tus
1067 443 1097 469 et
1114 438 1234 469 indircs
1257 440 1439 479 lepori-ntur
1459 441 1549 484 ¹,qui
1571 443 1609 475 ‹le
1636 443 1751 477 suturis

1007 490 1267 532 contingentibus
1288 495 1488 527 st1‹=«‹=»it›11s
1508 497 1684 531 l'otluitisve
1699 510 1751 532 Ca-

214 757 305 798 delis,
328 758 422 791 etiam
440 758 638 798 benedictis,
661 759 720 791 sub
748 758 878 791 nornine
905 769 961 791 an-

212 812 275 854 geli
304 812 404 845 sancti
435 818 465 845 et
491 812 573 850 albi,
612 812 777 845 diabolum
814 813 960 845 omnium

214 865 374 898 malorum
410 871 550 899 satorem
583 866 745 909 supplices
778 866 959 906 adorantes,

212 918 260 951 vel
279 918 312 951 in
333 919 496 962 unguibus
517 924 572 952 aut
593 920 700 962 palma
721 930 836 952 manus
858 931 960 963 quan-

212 971 318 1016 doque
338 973 432 1005 etiam
451 973 522 1006 olco
544 973 721 1016 perunctis,
743 974 893 1006 eumdem
925 985 960 1007 o-

211 1025 336 1058 mnium
357 1025 559 1059 fallaciarum
579 1026 794 1060 architectum
815 1034 907 1061 orant
926 1034 961 1062 ut

210 1078 359 1112 similiter
388 1079 496 1112 futura
518 1080 566 1112 vel
593 1082 718 1113 occulta
744 1082 873 1124 quaevis
904 1093 961 1126 per

210 1136 336 1174 spectra
355 1137 386 1166 et
405 1138 597 1177 apparentes
617 1133 774 1176 imagines
790 1145 845 1168 seu
860 1136 961 1179 phan-

211 1184 339 1218 tasticas
362 1185 499 1219 visiones
519 1186 580 1219 sibi
601 1188 759 1228 ostendat,
782 1193 837 1220 aut
857 1189 959 1222 abeo-

211 1237 284 1270 dem
305 1243 395 1282 patre
416 1239 576 1272 mendacii
597 1239 738 1280 diabolo,
758 1240 827 1273 aliis
848 1241 959 1274 incan-

207 1288 386 1325 tationibus
403 1298 458 1326 aut
476 1293 571 1326 variis
591 1294 829 1337 superstitionis
849 1296 959 1328 obser-

209 1344 401 1387 vationibus,
423 1346 609 1380 futurorum
629 1353 660 1380 et
674 1349 877 1381 occultorum
899 1350 959 1383 liu-

209 1396 348 1431 iusmodi
359 1399 524 1432 veritatem
544 1406 715 1443 quaerunt,
732 1407 763 1434 et
774 1402 961 1436 hominibus

209 1451 396 1494 praedicere
412 1455 624 1487 contendunt.
643 1454 786 1493 Quorum
799 1456 957 1497 omnium,

208 1515 290 1548 quos
310 1515 408 1550 supra
420 1508 693 1548 enumeravimus,
707 1509 884 1542 consimilis
902 1510 960 1543 im-

208 1558 311 1601 pietas
320 1569 431 1602 parem
446 1560 563 1593 exitum
576 1561 683 1603 habet,
702 1563 855 1595 nimirum
873 1564 960 1607 quod

1002 767 1084 798 quae
1105 757 1328 799 navigationis,
1343 761 1557 799 :ts-*riculturz‘te
1575 764 1638 797 sive
1651 765 1750 798 medi-

1002 819 1056 842 cae
1076 810 1155 843 artis
1175 811 1330 845 iuvandae
1350 814 1449 853 gratia
1470 817 1650 860 conscripta
1671 819 1749 851 suis-

1001 870 1081 897 sent.
1109 865 1219 898 Libros
1252 878 1325 899 vero
1350 879 1460 901 omnes
1485 876 1512 902 et
1534 872 1651 916 scripta
1675 885 1748 917 geo-

1002 918 1411 962 mantiae,ltytlromantiae,
1429 923 1672 967 cltiromantiae‚
1690 940 1746 962 ne-

1000 972 1200 1013 g‘roniantue,
1215 972 1277 1005 sive
1290 974 1320 1005 iu
1333 975 1449 1017 quibus
1461 977 1667 1012 eontinentur
1677 992 1746 1014 sor-

1001 1025 1119 1068 tilegia,
1149 1026 1312 1065 veneficia,
1343 1029 1487 1069 aucuria,
1517 1033 1671 1075 auspicia,
1698 1035 1746 1068 in-

1001 1079 1197 1112 cantationes
1217 1081 1293 1112 artis
1326 1082 1479 1123 manicae,
1508 1095 1639 1126 prorsus
1656 1089 1745 1122 reiici

1000 1137 1030 1164 et
1049 1132 1170 1165 aboleri
1192 1140 1354 1166 curarent.
1373 1135 1440 1167 Non
1462 1140 1567 1170 tamen
1581 1149 1742 1182 errorum,

999 1186 1279 1228 corruptelarum,
1308 1188 1500 1222 delictorum
1526 1197 1556 1224 et
1585 1193 1744 1228 abusuum

1000 1239 1238 1281 praedictorum
1249 1241 1453 1284 extirpationi
1469 1255 1568 1286 usque
1580 1246 1658 1280 adeo
1672 1259 1745 1292 pro-

1000 1291 1101 1324 visum
1128 1298 1185 1332 est,
1209 1293 1285 1336 quin
1304 1295 1399 1327 etiam
1419 1296 1565 1331 adhucin
1579 1302 1745 1335 nonnullis

1001 1345 1090 1385 locis,
1112 1351 1142 1378 et
1162 1347 1246 1389 apud
1261 1348 1418 1390 plurimos
1439 1351 1597 1385 curiosius
1607 1354 1744 1397 vigeant,

1001 1409 1072 1431 cum
1089 1399 1178 1431 valde
1195 1400 1390 1443 frequenter,
1411 1403 1544 1437 detectis
1564 1406 1684 1441 diabuli
1698 1410 1746 1442 in-

1002 1452 1096 1492 «idiis,
1115 1453 1359 1495 divinationum,
1380 1457 1618 1500 sortilegiorum
1644 1468 1674 1495 et
1692 1475 1746 1498 va-

1001 1505 1120 1537 riarum
1141 1507 1407 1549 superstitionum
1427 1511 1535 1545 omnia
1559 1514 1655 1557 plena
1679 1527 1747 1551 esse

1001 1559 1031 1590 111
1048 1558 1116 1591 dies
1136 1559 1340 1602 detegantur.

209 1611 375 1645 daemonis
408 1614 589 1656 praestigiis
617 1626 655 1648 ac
685 1615 780 1656 dolis,
808 1622 875 1649 tum
905 1617 959 1660 qui

209 1664 365 1707 divinant,
387 1673 455 1699 tum
480 1668 536 1712 qui
557 1669 786 1703 divinationem
808 1677 961 1714 expetunt

209 1717 297 1752 illusi
325 1729 363 1752 ac
387 1720 490 1754 delusi
524 1721 704 1756 miserrime
737 1724 957 1767 reperiuntur.

209 1770 320 1816 Itaque
340 1783 414 1806 cum
435 1774 560 1807 futuros
580 1776 754 1809 eventusin
767 1777 962 1820 seipsiscon-

211 1825 374 1866 siderare,
409 1832 582 1871 antequam
608 1828 695 1869 fiant,
731 1830 771 1862 sit
799 1830 854 1862 Dei
884 1841 961 1874 pro-

211 1879 341 1922 prium,
375 1880 455 1913 illud
480 1883 661 1915 necessario
692 1883 904 1927 consequitur
927 1891 962 1918 ut

1043 1612 1058 1655 ξ
1082 1613 1114 1645 3.
1140 1613 1203 1645 Nos
1222 1613 1331 1656 igitur,
1353 1616 1408 1658 qui
1430 1628 1488 1660 pro
1508 1625 1616 1654 nostro
1636 1629 1744 1666 pasto-

1009 1665 1075 1698 ·alis
1092 1666 1187 1698 officii
1209 1677 1343 1700 munere
1362 1669 1437 1702 fidei
1461 1671 1674 1715 integritatem
1695 1677 1744 1710 in-
1760 1666 1946 1719 {2⁰¹¹0ss‘efiulissii'-

1003 1719 1148 1752 violatam
1174 1730 1361 1754 conservare
1388 1723 1550 1766 debemus,
1572 1734 1601 1760 cl
1621 1730 1744 1764 anima·
1760 1729 1946 1755 '‘⁵⁰⁵’'”m'em‘

1001 1782 1072 1805 rum
1102 1773 1195 1805 saluti
1230 1775 1426 1818 prospicere,
1457 1785 1611 1821 quantum
1641 1762 1945 1820 [livinai'ecffe'tgiviiifflo‘ii

1001 1820 1101 1863 gratia
1112 1822 1268 1855 adiutrice
1280 1834 1461 1866 possumus,
1477 1838 1512 1859 ex
1527 1835 1677 1871 paternae
1693 1846 1746 1868 ca·
1761 1824 1945 1880 fliffl'iiiiuiseiiiri‘f

1002 1870 1101 1903 ritatis
1120 1871 1297 1904 visceribus
1321 1879 1482 1915 optamus,
1509 1877 1697 1915 damnantes
1718 1889 1748 1917 et
1762 1886 1799 1905 ”¹¹⁵
1816 1890 1892 1905 “Vm
1906 1891 1946 1905 ⁰⁰·

1821 1633 1858 1654 tlte
1873 1634 1945 1661 itaquo

1762 1917 1833 1937 ert-eri
1853 1917 1945 1941 mandatu

73 2564 86 2575 „
100 2557 102 2565 i
113 2549 205 2573 rttstdeo

133 2580 207 2640 ᾛιὲ
221 2609 266 2632 cri
287 2601 445 2646 generalis
457 2601 633 2644 Tridentini
647 2605 786 2641 „concilii
812 2606 962 2648 confecti,

213 1932 364 1976 astrologi
385 1938 417 1966 et
435 1933 490 1966 alii
510 1935 679 1978 praedicti,
703 1937 757 1980 qui
775 1937 961 1971 huiusmodi

213 1984 323 2018 futura
338 1987 571 2029 praenunciare
588 1994 644 2022 aut
655 2000 866 2032 praenoscere
880 2003 961 2035 quo-

215 2049 356 2082 cumque
376 2040 484 2081 modo,
496 2041 630 2074 nisiDeo
640 2044 812 2084 revelante,
825 2045 959 2086 audent,

215 2091 333 2126 iniuste
357 2099 454 2136 atque
475 2094 698 2138 impudenter,
722 2098 808 2140 quod
827 2098 881 2131 Dei
902 2105 959 2140 est,

214 2144 275 2178 sibi
295 2153 460 2180 assumant
476 2153 507 2181 et
528 2155 696 2192 usurpent.
717 2150 825 2191 Siclit,
841 2153 961 2185 utdum

216 2198 256 2231 ab
276 2199 332 2238 eis,
352 2200 438 2243 quod
459 2201 559 2235 solius
579 2208 625 2235 est
649 2203 818 2244 Creatoris‚
846 2216 962 2249 perpe-

215 2261 284 2284 ram
305 2253 463 2285 creaturis
486 2253 657 2295 tribuitur,
680 2256 787 2289 divina
820 2258 964 2291 Maiestas

216 2305 353 2347 graviter
372 2306 531 2347 laedatur,
554 2308 630 2341 fidei
649 2309 814 2352 integritas
828 2311 964 2344 violetur

217 2363 248 2390 et
280 2358 449 2391 animabus
475 2360 616 2402 pretioso
649 2361 763 2394 Christi
800 2363 963 2405 Sanguine

218 2407 410 2450 redemptis,
441 2408 539 2451 pestis
562 2414 659 2452 atque
684 2411 815 2443 exitium
842 2412 963 2455 impor-

218 2459 314 2502 tetur.

263 2503 278 2546 ἓ
302 2503 333 2536 ⁶2.
360 2504 397 2536 Et
420 2504 496 2537 licet
523 2504 714 2548 iampridem
738 2509 859 2549 regulis
884 2509 965 2542 indi-

221 2551 266 2584 cis
284 2552 441 2593 librorum
463 2553 711 2596 prohibitorum,
725 2566 760 2587 ex
773 2557 902 2590 decreto
917 2570 966 2591 sa-

301 2643 471 2686 Balaam
486 2650 547 2685 tau
563 2651 643 2687 im}
849 2656 885 2685 82

1002 1919 1209 1962 reprobantes
1238 1931 1333 1954 omne
1362 1933 1462 1963 genus
1491 1925 1744 1972 divinationum,

1001 1978 1095 2010 quae,
1118 1968 1247 2001 diabolo
1268 1975 1412 2009 auctore,
1436 1973 1474 2004 ad
1494 1974 1638 2009 fidelium
1657 1979 1748 2013 dece-

1001 2016 1142 2059 ptionem
1164 2028 1181 2049 a
1202 2018 1373 2060 praedictis
1393 2021 1528 2055 curiosis
1544 2024 1592 2056 vel
1612 2028 1746 2069 perditis

1001 2065 1186 2098 hominibus
1207 2067 1276 2099 lieri
1303 2068 1416 2101 solent.
1454 2070 1624 2114 Cupientes
1653 2087 1746 2119 prae-

1003 2119 1086 2146 terea
1107 2120 1250 2146 sanctam
1271 2115 1357 2147 illam
1376 2117 1566 2153 christianae
1582 2123 1747 2166 religionis

1007 2162 1251 2205 :implicitatem,
1283 2166 1471 2206 praesertim
1497 2169 1552 2201 ubi
1579 2172 1686 2214 agitur
1707 2174 1747 2207 de

1004 2222 1127 2244 *utnma
1151 2212 1308 2245 Creatoris
1330 2214 1385 2246 Dei
1406 2221 1573 2259 potestate,
1592 2221 1747 2264 sapientia

1003 2266 1030 2291 „t
1052 2260 1262 2303 providentia,
1285 2262 1323 2293 ab
1344 2264 1431 2296 omni
1452 2267 1747 2304 errorislabeinte-

1002 2319 1089 2350 <gram
1102 2314 1196 2351 atque
1217 2309 1449 2354 incorruptam,
1470 2319 1506 2347 ut
1524 2326 1583 2358 par
1602 2323 1658 2357 est,
1670 2320 1747 2352 reti-

1004 2358 1081 2389 neri.
1105 2358 1252 2391 Volentes
1283 2371 1414 2403 quoque
1442 2365 1625 2405 praedictae
1650 2367 1748 2401 falsae

1003 2405 1183 2437 credulitati
1208 2416 1244 2438 ac
1264 2407 1646 2447 huiusmodiillicitarum
1667 2415 1747 2449 divi-

1004 2453 1168 2486 nationum
1203 2460 1231 2486 et
1267 2458 1532 2499 superstitionum
1567 2462 1748 2498 detestabili

1004 2501 1108 2534 studio
1126 2508 1155 2534 et
1175 2505 1361 2538 execrandis
1384 2507 1511 2549 flagitiis
1526 2515 1622 2554 atque
1643 2512 1749 2557 impu-

1005 2550 1151 2583 ritatibus
1173 2562 1357 2594 occurrere,
1377 2561 1412 2587 ut
1435 2556 1474 2589 de
1494 2558 1670 2595 christiano
1688 2572 1748 2606 po-

1040 2625 1050 2649 1
1069 2621 1191 2651 Cherub.
1213 2624 1288 2652 addit
1303 2626 1342 2653 cel
1356 2626 1522 2656 haberentur
1537 2632 1576 2665 (R.
1592 2632 1641 2667 Τ.).
