2059 3228
179 306 306 342 siastiea
330 307 400 341 aliis
419 307 518 348 uniri,
541 312 729 341 tenerentur
747 307 925 350 exprimere

177 370 288 394 verum
298 371 441 394 annuum
459 361 611 402 valorem,
627 360 802 394 secundum
820 359 926 392 existi-

178 413 355 448 mationem
384 425 604 455 communem,
622 414 744 460 qetiam
776 412 923 446 beneficii

179 465 232 502 cui
251 467 339 500 aliud
359 467 444 500 uniri
465 473 642 512 peteretur,
676 467 820 510 alioquin
848 465 925 499 unio

177 529 246 553 non
264 520 394 560 valeret,
415 526 446 554 et
465 531 594 566 semper
612 520 827 554 inunionibus
836 529 925 552 com-

178 573 289 607 missio
313 573 405 607 fieret
436 574 474 607 ad
498 579 618 618 partes,
648 573 768 607 vocatis
787 581 924 616 quorum

178 623 360 667 interesset,
383 626 572 669 religiosum
583 632 614 660 et
629 626 753 659 fervens
764 625 841 658 dicti
854 624 925 657 Phi-

179 677 260 722 lippi
280 679 364 722 regis
384 680 417 712 in
436 679 498 713 hoc
518 690 615 724 opere
631 678 845 722 aggrediendo
861 683 927 710 stu-

179 731 271 765 dium
290 741 469 776 propensae
488 733 662 766 voluntatis
682 732 798 765 affectu
817 740 926 775 prose-

179 784 237 830 qui
255 785 409 826 volentes;
427 786 598 830 ipsumque
616 785 802 829 Philippum
818 795 926 828 regem

181 847 200 871 a
214 837 379 882 quibusvis
399 839 742 872 excommunicationis
769 844 801 872 et
828 838 926 872 inter-

180 890 259 924 dicti
279 892 416 936 aliisque
425 893 647 926 ecclesiasticis
660 893 840 933 sententiis,
854 903 926 926 cen-

183 945 269 978 suris
288 951 321 979 et
343 946 495 990 poenis,a
509 946 579 979 iure
589 946 636 979 vel
646 946 685 979 ab
697 946 838 987 homine,
849 957 926 989 qua-

179 997 226 1032 vis
245 998 414 1033 occasione
432 1000 480 1032 vel
513 1009 618 1040 causa,
638 999 722 1040 latis,
754 999 779 1033 si
809 1000 927 1043 quibus

158 1043 424 1096 &nomedolihet
443 1053 616 1086 innodatus
636 1053 753 1092 existit,
788 1054 827 1086 ad
851 1054 926 1087 effe-

182 1109 271 1138 ctum
291 1106 512 1150 praesentium
531 1106 697 1140 dumtaxat
727 1116 927 1150 consequen-

184 1157 275 1199 dum,
295 1158 413 1192 harum
432 1159 514 1193 serie
533 1160 731 1194 absolventes
751 1166 783 1193 et
801 1161 929 1193 absolu-

182 1215 252 1244 tum
267 1211 335 1245 sore
355 1219 535 1253 censentes,
556 1213 741 1246 huiusmodi
767 1214 928 1257 supplica-

183 1263 329 1298 tionibus
347 1264 507 1306 inclinaffi,
533 1266 566 1299 in
595 1266 679 1299 dicta
712 1266 847 1305 civitate,
874 1266 929 1300 ubi

182 1316 246 1350 iam
268 1317 538 1362 aliascollegium,
547 1324 582 1352 ut
592 1320 782 1363 praefertur,
797 1319 928 1353 inchoa-

183 1374 255 1404 tum
276 1371 348 1412 suit,
368 1383 425 1405 seu
444 1372 519 1405 alibi
540 1378 570 1405 et
589 1373 658 1406 aliis
670 1373 802 1406 aedibus
819 1373 930 1406 adhoc

183 1422 228 1456 ibi
249 1422 468 1467 designandis,
493 1436 594 1458 unum
619 1426 790 1469 collegium
825 1426 930 1458 dictae

182 1476 365 1519 societatis,
385 1489 459 1512 cum
480 1479 615 1513 ecclesia
625 1490 680 1512 seu
701 1480 845 1523 cappella
855 1489 932 1512 con-

181 1530 338 1572 venienti,
371 1543 410 1566 ac
435 1533 743 1578 campanssihumili,
761 1544 928 1576 campana,

183 1583 324 1618 sacrario
344 1590 377 1618 et
395 1585 466 1619 aliis
485 1587 659 1620 structuris
677 1587 865 1620 necessariis
884 1592 931 1619 at-

184 1647 248 1680 que
266 1639 475 1681 opportunis,
497 1639 553 1672 ubi
571 1640 735 1684 praedicta
753 1645 786 1673 et
796 1640 930 1673 aliarum

184 1689 490 1725 circumvicinarum
516 1693 693 1734 civitatum,
701 1694 892 1738 oppidorum
902 1700 933 1727 et

185 1743 332 1777 locorum
351 1744 503 1779 iuventus
523 1746 556 1779 in
580 1747 674 1780 bonis
699 1747 813 1780 litteris
834 1747 932 1780 mori-

185 1849 319 1884 verbum
330 1850 386 1884 Dei
401 1853 620 1895 praedicetur,
642 1854 767 1897 aliaque
778 1854 934 1898 piaopera

187 1909 410 1946 exerceantur,
431 1906 471 1939 ad
486 1907 776 1941 instareeterorum
793 1908 935 1941 eiusdem

188 1955 354 1991 Societatis
375 1959 601 2002 collegiorum,
623 1972 658 1994 ac
679 1961 757 1994 alias
775 1961 861 1994 iuxta
875 1967 936 1995 sta-

186 2015 258 2042 tuta
267 2012 565 2046 etconsuetudines
577 2014 675 2057 ipsius
686 2014 865 2055 Societatis,
881 2026 938 2060 per

189 2062 400 2108 presbyteros
417 2065 559 2099 eiusdem
575 2066 937 2102 Societatisinomnibus

190 2119 222 2148 et
235 2126 294 2160 per
305 2117 414 2151 omnia
435 2120 612 2162 regendum
633 2126 663 2154 et
677 2121 935 2164 gubernantium,

190 2169 367 2212 apostolica
378 2172 584 2213 auctoritate,
594 2179 705 2207 tenore
711 2179 937 2218 praesentium,

191 2220 260 2255 sine
281 2223 421 2257 alicuius
439 2226 653 2269 praeiudicio,
675 2234 832 2271 perpetuo
843 2229 938 2272 erigi-

192 2284 265 2308 mus
283 2281 316 2309 et
334 2275 549 2312 instituimus

91 2366 107 2377 J
144 2375 146 2377 Ι
236 2323 253 2367 ἓ
276 2323 309 2357 4.
335 2324 468 2359 Necnon
492 2327 525 2360 in
553 2330 748 2363 monasterio
767 2330 939 2374 praedicto,

110 2380 111 2383 ’
126 2381 183 2428 J·
201 2376 294 2410 cuius
319 2383 352 2410 et
370 2378 416 2411 illi
436 2379 543 2413 forsan
571 2392 768 2416 annexorum
801 2383 938 2424 fructus,

50 2443 51 2449 ι
86 2442 100 2452 -
137 2442 183 2459 ιιι.
195 2424 338 2458 redditus
358 2431 389 2459 et
400 2434 577 2470 proventus
586 2430 625 2462 ad
639 2436 767 2463 centum
787 2437 818 2464 et
830 2432 941 2474 viginti

136 2467 185 2491 Μ·
195 2471 336 2507 florenos
346 2474 378 2507 in
386 2474 476 2507 libris
484 2475 636 2510 Gamerae
645 2478 847 2521 Apostolicae
859 2486 942 2513 iaxa-

789 251 963 277 cuncontt's
986 250 1040 273 Xlll
1065 250 1111 273 1¹1³.

185 1796 312 1841 busque
337 1803 370 1831 et
399 1798 520 1842 pietate
549 1800 645 1833 simul
675 1801 872 1841 instituatur,
898 1777 956 1834 ac¹

1602 234 1658 267 481

966 303 1168 336 amissionem
1207 307 1259 333 aut
1306 299 1516 344 privationem
1555 296 1635 330 illud
1670 296 1710 328 atl

966 365 1116 399 praesens
1136 354 1168 387 in
1189 354 1316 386 titulum
1336 354 1383 385 vel
1393 352 1615 386 commendam
1628 350 1710 384 ohti-

965 408 1080 448 nentis,
1100 418 1155 440 seu
1173 407 1249 439 alias
1270 407 1379 450 qum-is
1398 406 1504 446 modo,
1518 405 1613 439 etiam
1626 404 1710 449 apud

966 461 1081 495 Sedem
1102 460 1327 504 Apostolicam‚
1361 461 1454 492 etiam
1489 459 1520 492 in
1541 459 1649 502 aliquo
1675 468 1712 491 ex

968 514 1130 547 mensibus
1150 513 1241 546 nobis
1263 524 1316 545 seu
1337 514 1480 546 Romano
1493 511 1637 545 Pontifici
1653 521 1711 555 pro

967 571 1112 611 tempore
1133 567 1278 599 existenti
1299 572 1327 599 et
1349 567 1451 598 dictae
1472 566 1543 599 Sedi
1575 575 1713 598 reserva-

967 620 1017 660 tis,
1043 625 1099 653 aut
1115 620 1287 652 ordinariis
1307 619 1524 659 collatoribus,
1548 619 1641 651 etiam
1655 628 1713 662 per

967 673 1212 707 constitutiones
1221 672 1411 716 apostolicas
1424 683 1482 716 pro
1496 678 1638 715 tempore
1648 671 1713 705 edi-

967 732 1024 767 tas,
1047 737 1101 759 seu
1123 726 1243 759 litteras
1278 725 1540 758 alternativarum
1570 726 1618 758 vel
1652 725 1713 758 alia

968 779 1131 824 privilegia
1161 787 1189 812 et
1227 780 1353 812 indulta
1379 790 1528 812 concessa
1558 780 1713 812 hactenus

967 840 1023 867 aut
1042 834 1074 866 in
1094 840 1258 877 posterum
1280 833 1496 873 concedenda,
1515 843 1626 865 vacare
1640 843 1714 866 con-

968 887 1084 930 tigerit,
1098 887 1219 919 etiarnsi
1231 887 1387 919 illudas-tu
1397 897 1482 919 nunc
1491 886 1600 929 quovis
1609 887 1713 926 modo,

967 951 1076 984 quem,
1099 940 1195 973 etiam
1217 940 1241 972 si
1271 951 1306 972 ex
1324 940 1378 972 illo
1399 940 1529 983 quaevis
1556 939 1715 982 generalis

967 994 1155 1033 reservatio,
1178 994 1275 1026 etiam
1297 993 1329 1025 in
1349 1004 1485 1036 corpore
1506 992 1586 1026 iuris
1597 993 1717 1033 clausa,

968 1048 1113 1087 resultet,
1136 1047 1359 1090 praesentibus
1374 1046 1486 1079 haberi
1502 1047 1648 1079 volumus
1658 1056 1717 1090 pro

969 1111 1128 1145 expresso,
1149 1107 1180 1134 et
1200 1112 1237 1133 ex
1257 1100 1491 1144 cuiuscumque
1502 1111 1718 1144 persena,seu

969 1166 1027 1199 per
1045 1155 1179 1189 liberam
1201 1155 1378 1188 cessionem
1399 1154 1536 1187 cuiusvis
1563 1154 1602 1187 de
1629 1154 1716 1187 illius

946 1208 1127 1257 [regimine
1156 1214 1185 1241 et
1214 1207 1493 1241 administratione
1520 1207 1553 1239 in
1573 1207 1718 1240 Romana

969 1262 1064 1295 Curia
1091 1262 1141 1295 vel
1173 1267 1259 1294 extra
1285 1271 1368 1302 eam,
1384 1261 1479 1294 etiam
1498 1271 1606 1293 eoram
1625 1266 1717 1293 nota-

970 1315 1019 1347 rio
1039 1315 1170 1358 publico
1191 1321 1220 1348 et
1242 1314 1376 1347 testibus
1396 1320 1508 1358 sponte
1522 1314 1648 1355 factam,
1667 1325 1719 1347 va-

971 1374 1033 1407 cet,
1056 1368 1179 1401 etiamsi
1189 1368 1421 1412 illiusprovisio
1435 1378 1472 1401 ex
1484 1367 1594 1411 quavis
1612 1378 1718 1408 eausa,

971 1422 1216 1465 qualiscumque
1237 1422 1275 1455 sit
1288 1427 1318 1454 et
1334 1422 1561 1464 undecumque
1577 1421 1717 1462 resultet,

971 1475 1153 1519 specialiter
1172 1476 1221 1508 vel
1240 1475 1434 1518 generaliter
1449 1475 1488 1507 ad
1509 1474 1720 1518 Sedemprae-

973 1529 1090 1562 dictam
1110 1529 1279 1574 pertineat,
1302 1535 1330 1562 et
1352 1529 1390 1562 de
1410 1529 1466 1561 illo
1493 1528 1720 1561 consistoriali-

972 1588 1022 1616 ter
1041 1583 1168 1627 disponi
1189 1582 1390 1616 consueverit
1405 1593 1462 1615 seu
1482 1581 1607 1621 debeat,
1620 1587 1649 1613 et
1666 1592 1720 1613 su-

973 1647 1031 1680 per
1050 1636 1171 1670 eisdem
1192 1636 1348 1678 regimine
1379 1641 1410 1669 et
1441 1635 1721 1668 administratione

973 1690 1057 1723 inter
1072 1690 1198 1734 aliquos
1218 1690 1267 1730 lis,
1295 1699 1350 1722 seu
1379 1695 1491 1722 eorum
1525 1687 1721 1732 possessorio

974 1743 1021 1776 vel
1032 1743 1135 1788 quasi,
1148 1743 1307 1784 molestia,
1320 1742 1412 1776 cuius
1422 1742 1486 1775 litis.
1506 1747 1621 1775 statum
1632 1751 1722 1784 prae-

974 1797 1120 1830 sentibus
1143 1797 1256 1829 haberi
1286 1797 1433 1829 volumus
1463 1805 1520 1838 pro
1558 1804 1718 1838 expresso,

974 1850 1110 1894 pendeat
1130 1850 1283 1890 indecisa,
1299 1860 1452 1889 exnunc,
1474 1854 1567 1892 prout
1588 1858 1625 1880 ex
1646 1853 1721 1879 tunc

976 1909 1006 1937 et
1037 1914 1053 1937 e
1073 1909 1196 1944 contra,
1217 1914 1348 1944 nomen,
1372 1902 1498 1936 titulum
1531 1907 1561 1934 et
1581 1900 1723 1934 denomi-

976 1957 1138 1990 nationem
1159 1958 1283 1990 abbatis
1299 1962 1329 1990 et
1359 1955 1626 1989 monasteriorum
1647 1965 1722 1997 per—

977 2016 1076 2054 petuo
1094 2010 1327 2054 supprimimus
1346 2016 1378 2042 et
1398 2009 1667 2052 extinguimus,et
1683 2007 1722 2039 ab

978 2074 1015 2096 eo
1035 2064 1080 2096 sic
1107 2074 1277 2108 suppresso
1307 2063 1414 2096 omnia
1443 2068 1475 2095 et
1504 2062 1628 2105 singula
1655 2061 1723 2094 eius

979 2118 1112 2157 fructus,
1133 2117 1277 2150 redditus
1310 2123 1341 2150 et
1361 2121 1546 2160 proventus,
1576 2115 1721 2160 praedia,

979 2171 1203 2214 proprietates,
1231 2170 1450 2210 obventiones,
1484 2179 1610 2210 census,
1638 2167 1720 2207 iura,

980 2224 1132 2264 actiones,
1155 2222 1392 2256 iurisdictiones
1415 2228 1602 2266 ceteraeque
1623 2232 1673 2254 res
1693 2227 1725 2254 et

981 2276 1177 2319 ubicumque
1217 2276 1422 2309 consistentia
1457 2275 1725 2309 dismembramus

981 2335 1011 2363 et
1032 2340 1228 2374 separamus,
1250 2330 1370 2372 illaque
1389 2329 1434 2362 sic
1454 2329 1680 2362 dismembrata
1693 2335 1721 2361 et

981 2389 1125 2426 separata
1149 2383 1252 2415 eidem
1273 2382 1421 2425 collegio,
1439 2392 1498 2425 pro
1518 2381 1725 2415 subventione

982 2437 1012 2464 et
1044 2432 1284 2464 manutentione
1314 2441 1525 2475 personarum
1558 2430 1638 2463 inibi
1666 2441 1725 2474 pro

983 2486 1127 2523 tempore
1147 2480 1344 2521 degentium,
1370 2480 1560 2512 auctoritate
1573 2485 1600 2512 et
1616 2485 1726 2512 tenore

1723 238 1775 267 An.
1792 236 1812 265 C
1842 238 1906 267 1584

67 2510 69 2517 t
96 2507 98 2509 >
119 2505 156 2522 ΙΙ.
171 2511 183 2516 -

103 2527 117 2542 ³
157 2505 170 2528 Ρ
195 2520 219 2554 ti
235 2523 454 2576 reperiuntur,
473 2535 547 2557 cum
558 2526 700 2569 primum
720 2527 799 2560 illud
809 2538 866 2571 per
879 2539 944 2562 ces·
984 2528 1166 2572 praedictis,
1183 2528 1277 2560 etiam
1298 2535 1467 2571 perpetuo,
1482 2528 1682 2572 applicamus
1697 2535 1727 2561 et

197 2579 281 2612 sum,
303 2576 396 2604 etiam
431 2583 468 2605 ex
498 2583 594 2607 causa
614 2576 872 2617 permutationis,
895 2578 943 2610 vel
984 2577 1228 2622 appropi-inmas
1247 2588 1283 2609 ac
1305 2577 1446 2617 unimus,
1466 2578 1673 2610 concedimus
1692 2589 1728 2610 ac

199 2617 365 2697 deeezsum
377 2630 432 2698 slep
447 2621 590 2700 apamiis
604 2622 698 2657 aliam
711 2623 941 2665 dimissionem,
961 2611 971 2685 Ιι
987 2626 1245 2670 incorporamus,
1259 2625 1301 2658 ita
1315 2626 1399 2669 quod
1411 2625 1505 2659 liceat
1517 2637 1575 2670 pro
1585 2632 1728 2669 tempore

305 2676 359 2699 om.
398 2677 412 2698 o
426 2691 432 2698 .
464 2680 465 2683 ¹
513 2692 522 2700 .
828 2674 861 2702 01
