2059 3228
138 251 194 279 An.
213 250 243 280 C.
261 250 333 280 157⁹

193 1590 339 1611 commenda-

144 1618 197 1637 tarii
231 1620 340 1637 monaste-

143 1646 179 1664 ria
200 1646 304 1667 reparent
317 1646 340 1663 et

145 1670 271 1691 necessaria
311 1671 339 1689 ad

144 1697 338 1717 euttumdivtnum

147 1723 270 1748 assignent.

147 2184 174 2204 Et
184 2184 287 2215 monachi
294 2188 342 2209 poa—

144 2217 168 2231 ae
175 2216 271 2231 saionem
303 2216 341 2230 ea-

149 2237 220 2262 prm.

385 250 449 285 310

342 320 451 347 stitum
475 311 580 354 aliaqu
609 309 647 343 ad
672 316 804 343 aeorum
828 308 1091 342 sustentationem

343 364 519 399 necessaria
535 363 750 407 comparanda
763 363 930 403 sufficiant;
948 363 1090 396 eosdem-

342 429 403 462 que
427 416 714 450 commendatarios
737 416 777 449 ad
800 415 1027 459 assignandum
1046 420 1091 447 to-

342 472 442 504 tidem
461 470 553 510 bona,
571 469 780 512 proprietates
796 474 826 501 et
842 468 912 501 iura
929 468 1091 512 praedicta

344 525 428 556 intra
443 528 566 566 tempus
583 532 639 565 per
652 521 798 554 eumdem
811 521 1011 554 Guillelmum
1024 530 1091 552 car-

343 577 481 609 dinalem
505 579 719 618 protectorem
736 574 964 618 praeligendum
989 572 1092 606 omni-

345 640 385 662 no
396 629 496 662 teneri
510 629 663 661 volumus.
681 627 764 661 Haec
776 632 883 660 autem
895 627 979 660 bona
992 625 1088 659 stabi-

344 682 396 722 lia,
404 681 613 725 proprietates
623 686 653 713 et
667 680 799 722 iura‚sic
813 690 869 723 per
877 690 934 712 nos
944 679 1092 712 dismem-

343 736 445 775 brata,
456 744 578 767 necnon
596 734 704 767 omnia
716 733 777 767 alia
790 733 919 767 mobilia
931 737 961 765 et
978 733 1091 765 immo-

344 788 432 828 bilia,
445 797 514 831 quae
531 798 567 820 ex
583 787 709 830 piorum
727 787 868 820 fidelium
885 785 1090 825 testamentis,

345 841 465 884 legatis,
491 840 711 883 largitionibus
736 846 790 873 aut
814 840 890 872 alias
915 839 1090 882 quomodo-

345 904 480 938 cumque
504 894 580 938 ipsis
602 893 807 927 conventibus
831 898 861 926 et
878 892 1041 925 monachis
1058 892 1089 924 in

345 952 508 991 posterum
533 947 659 987 donata,
684 956 831 980 concessa
855 951 885 979 et
902 946 1009 979 relicta
1026 945 1091 978 sue-

346 1000 421 1039 rint,
446 1011 503 1043 pro
526 1010 663 1044 quorum
686 999 909 1032 consecutione
933 999 1090 1039 monachi,

345 1059 558 1086 conventuum
582 1053 765 1086 eorumdem
790 1053 930 1094 nomine,
946 1052 1041 1086 etiam
1059 1052 1090 1084 in

345 1107 465 1139 iudicio
491 1116 584 1149 agere
607 1111 637 1139 et
660 1106 795 1149 experiri
819 1116 856 1138 ac
880 1104 932 1138 illo
956 1104 1091 1139 interve-

346 1161 416 1193 nire
439 1160 573 1201 valeant,
590 1159 645 1193 sed
661 1164 692 1192 et
707 1159 883 1192 oblationes
900 1163 995 1201 atque
1012 1158 1092 1190 elee-

346 1224 491 1257 mosynas
530 1213 563 1246 in
601 1212 786 1246 eorumdem
825 1210 1090 1244 monasteriorum

347 1266 488 1299 ecclesiis
527 1266 704 1309 erogandas
722 1292 729 1306 ‚
768 1275 826 1308 pro
872 1263 1091 1297 constituenda

348 1331 456 1353 mensa
479 1320 675 1353 conventuali
693 1319 726 1352 in
744 1318 876 1362 singulis
892 1317 1092 1351 monasteriis

347 1374 517 1417 praedictis
541 1385 577 1407 ac
601 1384 658 1417 pro
697 1377 868 1415 augmento
907 1370 1090 1404 earumdem

347 1437 528 1460 mensarum
544 1426 809 1466 conventualium,
826 1425 921 1458 etiam
938 1429 1092 1468 perpetuo

346 1480 541 1524 applicamus
565 1485 596 1512 et
619 1479 872 1523 appropriamus.

393 1534 407 1576 ἓ
432 1534 484 1566 15.
501 1533 713 1566 Nihilominus
737 1538 843 1565 tamen
857 1531 1092 1565 commendata-

347 1587 403 1620 riis
426 1586 598 1627 incumbat,
623 1591 718 1629 prout
741 1589 899 1625 tenentur,
916 1584 949 1616 in
974 1583 1091 1616 eisdem

348 1640 557 1680 monasteriis,
581 1651 661 1683 quae
674 1644 865 1672 conventum
882 1637 1010 1676 habent,
1026 1646 1091 1668 mo-

347 1694 560 1727 nasteriorum
592 1699 622 1726 et
660 1693 866 1726 ecclesiarum
904 1691 1091 1725 eorumdem

349 1747 542 1791 reparationi
568 1757 604 1779 ac
627 1747 698 1779 aliis
721 1746 761 1778 ad
792 1745 935 1778 divinum
974 1745 1092 1777 cultum

348 1800 534 1834 necessariis
558 1800 724 1843 providere
741 1827 748 1839 ‚
774 1809 911 1842 quorum
936 1803 1093 1831 monaste-

348 1853 471 1886 riorum
505 1853 641 1885 elaustra
686 1858 717 1885 et
755 1851 900 1884 aedificia
938 1861 996 1893 pro
1035 1861 1093 1882 usu

350 1905 579 1939 monachorum
618 1909 798 1938 constructa
844 1904 883 1936 ad
922 1904 1094 1936 monachos

349 1958 536 2002 praedict0s;
561 1967 640 2000 quos
663 1957 697 1989 in
720 1957 765 1990 eis
790 1967 977 2000 permanere
994 1957 1095 1989 conti-

351 2012 443 2055 gerit,
466 2011 626 2055 pertinere
649 2016 679 2043 et
696 2021 806 2044 eorum
825 2011 916 2043 liberi
933 2015 1028 2054 atque
1041 2011 1095 2043 ab-

351 2065 444 2098 soluti
471 2064 549 2098 iuris
573 2075 640 2097 esse
665 2064 875 2097 decernimus.

394 2130 409 2172 ἓ
433 2129 484 2162 16.
501 2128 603 2161 Liceat
626 2137 722 2171 porro
739 2127 919 2167 abhatibus,
935 2128 1096 2173 prioribus

351 2183 528 2225 ceterisque
552 2181 627 2214 dicti
652 2181 779 2214 Ordinis
792 2180 954 2213 monachis
979 2186 1009 2213 et
1025 2181 1096 2213 reli-

352 2236 449 2279 giosis
473 2236 670 2279 corporalem
694 2234 925 2278 possessionem
940 2235 1095 2268 bonorum

352 2290 397 2322 sic
421 2289 722 2322 dismembratorum
747 2293 777 2320 et
793 2287 1032 2331 applicatorum,
1050 2300 1096 2330 ac,

352 2348 388 2375 ut
411 2343 588 2386 praefertur
620 2341 885 2384 assignandorum
904 2368 912 2381 ,
936 2352 1007 2373 cum
1033 2342 1096 2385 pri-

353 2405 442 2428 mum
467 2395 518 2427 illa
542 2406 600 2438 per
623 2394 912 2427 commendatarios
936 2395 1095 2438 assignata

352 2447 480 2488 fuerint,
505 2453 536 2479 et
574 2448 784 2480 claustrorum
809 2458 845 2480 ac
879 2447 1095 2481 aedificiorum

353 2500 618 2533 monasteriorum
643 2500 881 2544 praedictorum
906 2506 1095 2535 conventum

353 2552 550 2593 habentium,
575 2564 631 2596 per
655 2564 687 2586 se
710 2555 758 2586 vel
782 2554 878 2586 alium
917 2565 972 2587 seu
996 2555 1072 2587 alios
1088 2583 1095 2596 ‚

352 2606 484 2650 propria
507 2606 704 2648 auctoritate,
729 2607 849 2651 absque
865 2607 998 2640 alicuius
1015 2608 1097 2641 iudi-

354 2659 399 2692 cis
423 2660 600 2694 ministerio
617 2688 625 2702 ,
650 2661 747 2695 libere
782 2661 1019 2705 apprehendere
1035 2688 1044 2702 ,
1068 2665 1099 2694 et
1125 2655 1215 2695 nensi
1239 2659 1387 2703 illiusque
1399 2657 1541 2703 personis
1564 2661 1594 2690 et
1611 2655 1687 2690 locis
1702 2663 1759 2698 pel·
1775 2662 1868 2696 quos*

923 257 1080 281 BULLARIU
1086 256 1106 279 M
1124 253 1278 279 ROMAMJM

1120 307 1350 351 apprehensam
1374 306 1522 348 retinere,
1547 317 1583 339 ac
1607 304 1792 339 eorumdem
1810 303 1866 338 bo-

1120 370 1233 392 norum
1257 359 1322 392 sive
1345 359 1575 402 proprietatum
1599 364 1630 392 et
1654 358 1774 391 iurium
1798 357 1865 390 fru-

1120 418 1188 445 ctus
1212 412 1245 444 in
1269 422 1453 445 communes
1476 412 1660 445 eorumdem
1692 411 1865 444 monacho-

1121 475 1190 497 rum
1215 471 1246 497 et
1270 464 1491 498 ministrorum
1525 477 1599 499 usus
1638 470 1669 499 et
1692 465 1864 498 utilitatem

1121 523 1303 551 convertere
1322 545 1329 558 ‚
1355 517 1562 562 ipsorumque
1598 520 1810 551 claustrorum
1834 523 1864 551 et

1121 571 1340 605 aedificiorum
1366 571 1466 604 libero
1497 582 1556 604 usu
1580 571 1710 615 pacifice
1749 570 1810 603 frui
1835 575 1866 604 et

1121 624 1269 667 gaudere,
1294 623 1477 667 quorumvis
1516 623 1641 657 licentia
1680 634 1777 668 super
1814 622 1866 656 his

1121 677 1252 710 minime
1275 677 1439 720 requisita.

1163 730 1178 773 g
1202 730 1254 763 17.
1278 730 1318 763 Ut
1342 736 1448 763 autem
1486 730 1648 774 praedicta
1671 730 1864 766 monasteria
1895 770 1902 775 ,
1953 755 1955 758 -

1120 782 1247 816 Ordinis
1264 783 1293 817 S.
1310 783 1415 816 Basilii
1439 783 1484 816 sic
1507 783 1540 816 in
1572 794 1667 817 unam
1691 771 1997 830 congrega-{ffim
2019 786 2023 826 f

1122 836 1240 869 tionem
1266 837 1401 877 redacta,
1427 837 1598 871 eliminatis
1615 838 1764 872 omnibus
1787 824 2023 876 abu-{m

1120 890 1216 931 sibus,
1241 890 1275 923 in
1298 891 1347 923 via
1370 890 1495 924 Domini
1513 890 1655 934 quotidie
1673 891 1775 934 magis
1790 902 1863 935 pro·
1873 877 2021 936 ῗζῖἒηω

1121 944 1238 985 liniant,
1255 949 1426 977 conventus
1442 943 1585 976 omnium
1599 944 1864 978 monasteriorum
1873 930 1998 983 ῧῖἶῖἷῖξ,
2021 952 2024 986 j

1120 997 1261 1029 virorum
1277 1002 1467 1030 conventum
1499 997 1685 1031 habentium
1717 998 1791 1032 dicti
1808 998 1866 1032 Or·
1875 984 2003 1039 ἶῗῗῖἷιιᾳ
2022 1030 2025 1038 2

1120 1050 1203 1083 dinis
1220 1050 1250 1084 S.
1267 1050 1384 1091 Basilii,
1397 1061 1477 1094 quae
1494 1056 1559 1084 tam
1573 1051 1606 1083 in
1622 1052 1710 1084 ltalia
1726 1056 1756 1085 et
1774 1062 1865 1095 prae-
1875 1038 1956 1090 ῗὲι.
2000 1044 2010 1052 ”

1121 1103 1211 1136 dictis
1234 1104 1341 1146 regnis
1365 1108 1468 1137 erecta
1499 1109 1572 1137 sunt
1590 1132 1597 1146 ,
1622 1116 1840 1149 quaecumque
1855 1133 1866 1149 ‚

1121 1161 1334 1199 quotcumque
1357 1162 1388 1190 et
1411 1157 1654 1202 qualiacumque
1671 1159 1745 1200 sint,
1760 1164 1792 1193 et
1807 1170 1866 1204 per

1121 1219 1348 1253 quoscumque,
1371 1210 1467 1243 etiam
1491 1210 1522 1243 S.
1544 1211 1582 1244 R.
1604 1211 1637 1244 E.
1662 1211 1838 1246 cardinales
1853 1239 1864 1255 ,

1122 1263 1153 1294 in
1177 1263 1314 1303 titulum,
1339 1264 1560 1297 commendam
1591 1265 1639 1298 vel
1662 1265 1866 1300 administra-

1122 1315 1239 1349 tionem
1263 1321 1317 1349 aut
1334 1316 1411 1350 alias
1423 1317 1639 1360 obtineantur,
1656 1318 1865 1362 dignitatibus

1120 1369 1330 1403 abbatialibus
1346 1371 1529 1404 eorumdem
1553 1382 1679 1415 semper
1702 1372 1803 1414 salvis,
1820 1373 1866 1407 ita

1121 1427 1153 1454 ut
1178 1422 1217 1455 de
1240 1422 1295 1463 eis,
1320 1423 1582 1467 quotiescumque
1605 1425 1783 1466 vacabunt,
1806 1436 1866 1470 per

1123 1475 1298 1508 Romanum
1323 1476 1510 1510 Pontificem
1534 1483 1566 1511 et
1590 1478 1701 1512 Sedem
1740 1478 1867 1523 praedi-

1121 1535 1204 1562 ctam
1228 1529 1315 1562 omni
1332 1535 1473 1572 tempore
1489 1531 1613 1574 disponi
1629 1531 1726 1566 libere
1742 1532 1865 1574 debeat,

1122 1589 1152 1615 et
1176 1583 1245 1616 sine
1258 1584 1453 1627 praeiudicio
1471 1584 1590 1618 iurium
1607 1586 1748 1619 eiusdem
1765 1586 1865 1627 Sedis,

1123 1647 1203 1679 quae
1239 1636 1388 1669 inviolata
1426 1647 1612 1680 permanere
1635 1638 1779 1671 volumus
1797 1664 1805 1679 ,
1827 1648 1866 1670 ac

1123 1690 1219 1722 etiam
1244 1690 1282 1723 de
1306 1690 1422 1723 Oviedo
1440 1718 1447 1731 ‚
1473 1691 1522 1723 del
1548 1690 1684 1723 Tardon·
1697 1700 1733 1723 ac
1771 1689 1866 1723 Vallis

1123 1743 1161 1775 de
1197 1742 1396 1786 Galleym'llos
1434 1743 1670 1786 praedictorum
1687 1770 1695 1784 ‚
1741 1751 1867 1776 necnon

1123 1797 1266 1829 omnium
1279 1801 1309 1829 et
1326 1806 1602 1840 quorumcumque
1618 1797 1765 1837 aliorum,
1782 1805 1864 1840 quae

1123 1850 1270 1893 deinceps
1282 1860 1300 1882 a
1313 1850 1560 1893 congregatione
1573 1856 1603 1883 et
1612 1841 1867 1893 monachis'prae-

1123 1903 1226 1943 dietis,
1243 1903 1305 1936 Deo
1337 1903 1516 1944 adiuvante,
1544 1903 1708 1946 erigentur
1738 1907 1769 1936 et
1793 1913 1868 1936 con-

1125 1962 1288 1991 struentur
1312 1957 1344 1989 in
1368 1956 1487 1990 eisdem
1518 1955 1607 1989 Italia
1645 1961 1677 1988 et
1699 1954 1808 1998 regnis
1831 1965 1870 1989 ac

1125 2011 1288 2055 provincia
1312 2009 1491 2052 Hispaniae,
1523 2008 1585 2052 ipsi
1624 2007 1869 2052 congregationi

1126 2065 1158 2097 in
1181 2068 1371 2108 perpetuum
1395 2073 1616 2106 aggregamus.
1645 2095 1656 2110 ·

1167 2120 1182 2163 ξ
1206 2119 1259 2153 18.
1293 2119 1336 2152 Ac
1375 2116 1576 2151 monasteriis
1592 2143 1601 2158 ‚
1640 2115 1868 2158 conventibus,
1897 2122 2010 2172 ”nugata

1126 2173 1286 2217 prioribus
1309 2177 1340 2205 et
1364 2171 1529 2205 monachis
1545 2170 1727 2215 praedictis,
1743 2179 1868 2203 necnon
1881 2151 1975 2224 ἔιιῗὲῑ·
2005 2178 2013 2191 t
2033 2169 2038 2199 ¹.

1126 2226 1283 2260 conversis
1307 2231 1338 2259 et
1360 2225 1471 2258 eblatis
1495 2225 1626 2268 aliisque
1649 2223 1745 2257 etiam
1770 2223 1867 2257 dicto·
1879 2209 1942 2252 ¹33⁸-
2034 2209 2040 2247 Ῑ

1127 2291 1197 2312 rum
1222 2279 1488 2312 monasteriorum
1514 2280 1543 2312 S.
1567 2278 1673 2311 Basilii
1712 2277 1869 2321 religiosis

1126 2338 1156 2365 et
1179 2332 1348 2377 personis,
1386 2338 1422 2366 ut
1445 2333 1484 2365 de
1522 2337 1625 2365 cetero
1655 2331 1804 2365 omnihus
1837 2335 1869 2364 et

1126 2386 1390 2430 quibuscumque,
1413 2386 1596 2431 privilegiis,
1628 2384 1867 2430 praerogativis,

1127 2441 1393 2482 immunitatibus,
1416 2440 1667 2485 exemptionibus
1682 2466 1690 2481 ,
1714 2439 1866 2472 libertati-

1127 2496 1194 2536 bus,
1219 2494 1426 2538 indulgentiis
1442 2522 1450 2535 ,
1484 2494 1643 2527 favoribus
1659 2521 1667 2535 ,
1702 2493 1814 2537 gratiis
1836 2498 1865 2526 et

1127 2549 1266 2590 indultis,
1290 2553 1356 2581 tam
1380 2547 1598 2591 spiritualibus
1628 2556 1723 2590 quam
1748 2550 1866 2588 tempo-

1127 2602 1244 2635 ralibus
1258 2629 1266 2643 ,
1289 2600 1530 2644 congregationi
1567 2600 1745 2645 praedictae
1769 2598 1867 2632 Cassi-
