2059 3228
364 216 426 249 <148
894 221 1075 247 nontamen

321 277 514 321 temporibus
538 274 688 314 valituris,
713 273 807 307 etiam
829 274 853 307 si
879 273 1017 307 societati
1032 279 1059 305 et

321 330 402 362 illius
430 327 638 361 confratribus
672 326 840 370 praedictis
874 326 976 368 aliqua
1002 325 1058 356 alia

324 381 528 424 indulgentia,
545 385 696 422 perpetuo
719 379 766 412 vel
783 379 821 412 ad
839 384 960 421 tempus
978 388 1058 410 non-

323 435 395 466 dum
421 434 561 475 elapsum
589 425 752 473 duratura,
775 443 833 475 per
856 442 913 464 nos
938 433 982 464 vel
1008 431 1060 463 Se-

321 486 389 517 dem
415 485 557 517 camdem
581 495 727 518 concessa
751 485 854 518 fuerit.

363 540 378 581 ξ,
403 537 431 570 7.
450 538 599 570 Volumus
622 542 726 570 autem
744 538 828 581 quod
846 536 1059 580 praesentium

278 602 304 613 η*
320 590 524 633 transumptis
546 593 601 622 etc.

360 643 473 675 Datum
498 642 615 675 Romae
639 643 722 685 apud
747 643 896 676 Sanctum
921 644 1059 681 Petrum,

316 695 374 727 sub
397 695 514 727 annulo
537 694 705 727 Piscatoris
723 722 730 735 ,
755 695 805 728 die
829 706 873 728 xn
897 695 1034 727 octobris
1051 723 1058 735 ‚

315 746 483 779 millesimo
532 747 786 790 quingentesimo
826 748 1058 790 septuagesimo

313 806 408 839 sexto,
432 799 638 842 pontificatus
662 800 759 832 nostri
790 811 873 832 anno
898 810 926 833 v.

350 853 477 879 Daedie
497 854 530 879 12
552 853 674 879 octobris
695 855 770 886 1576,
790 854 888 887 pontif.
908 862 978 879 anuo
998 863 1021 878 v.

120 218 172 244 An.
191 217 218 244 C.
239 217 305 244 1576

130 596 172 614 lsi-11
182 605 189 611 s
202 600 214 614 iv
222 602 273 615 ausu

117 625 161 646 pto.
168 628 208 642 Lim.

640 994 733 1027 Lvtss.

315 1082 404 1120 Quor!
415 1093 474 1124 pro
491 1083 650 1123 Reli'ffl'enc
662 1082 845 1114 clericorum
859 1080 1052 1122 reynlari'ztm
1067 1085 1072 1108 t

353 1133 513 1166 Societati's
536 1135 609 1166 Iesu
634 1135 748 1177 ubique
782 1134 924 1166 ecelesiae
947 1137 973 1166 el
1001 1133 1053 1165 clo-

356 1196 425 1216 mzts
448 1186 612 1228 aedificari
646 1187 764 1229 poss-inl
783 1213 790 1226 ‚
816 1197 879 1218 non
917 1186 1054 1217 obstante

350 1239 515 1280 prirae'leyio
551 1240 624 1271 aliis
668 1239 840 1271 Ordinibus
864 1249 1002 1271 concesso
1027 1242 1052 1270 et

354 1291 570 1329 concedendo,
594 1292 676 1334 quod
711 1302 805 1333 prope
839 1301 947 1322 eorum
987 1291 1052 1323 loca

357 1352 439 1374 nova
462 1343 653 1375 monasteria
676 1343 823 1375 constitui
846 1347 1009 1386 nequeam.

312 1430 451 1465 Gregorius
467 1431 536 1467 Papa
551 1432 612 1465 ΧΙΞΙ,
628 1433 660 1460 ad
675 1435 824 1467 perpetuam
839 1432 877 1460 rei
893 1433 1050 1460 memoriam.

353 1511 520 1546 Salvatoris
542 1513 667 1546 Domini
691 1513 790 1546 nostri
824 1513 892 1546 Iesu
926 1513 1051 1554 Christi,

311 1564 367 1603 Qui
392 1565 506 1598 caritas
529 1571 575 1598 est
598 1570 627 1598 et
651 1566 734 1599 Deus
757 1566 854 1608 pacis,
879 1566 927 1599 his
945 1567 976 1599 in
993 1574 1051 1600 ter-

311 1618 354 1650 ris
377 1618 470 1659 vices,
486 1619 557 1651 licet
574 1618 735 1659 immeriti,
751 1625 904 1661 gerentes,
922 1631 959 1653 ea
971 1632 1050 1664 quae

309 1670 397 1714 pacis
413 1676 496 1711 sunt,
512 1671 699 1714 praesertim
724 1683 795 1704 cum
822 1673 984 1706 militantis
998 1675 1051 1706 Eu:-

309 1724 421 1757 clesiae
438 1723 673 1756 firmamentum
690 1725 856 1767 omnisque
880 1726 961 1758 filiae
979 1727 1050 1759 Sion

310 1776 405 1809 decor
428 1776 460 1809 in
484 1777 663 1810 animorum
676 1779 906 1819 coniunctione,
932 1792 1006 1823 pace.
1024 1789 1049 1813 et

310 1830 537 1873 tranquillitate
560 1836 703 1864 versetur
720 1859 727 1871 ‚
754 1843 873 1876 nosque
898 1846 995 1867 unum
1022 1836 1052 1867 in

309 1880 432 1913 Christo
455 1892 569 1924 corpus
593 1883 691 1915 simus
709 1911 716 1923 ,
740 1894 797 1926 pro
832 1886 928 1918 nostri
955 1887 1050 1919 debiti

310 1932 434 1973 officio,
459 1938 620 1977 tamquam
644 1936 743 1978 ipsius
767 1938 889 1981 mystici
913 1942 1051 1983 corporis

311 1990 415 2027 caput,
432 1992 628 2029 quaerentes,
647 1988 747 2021 litium
766 1992 959 2033 quai-muris,
974 2004 1052 2036 quae

308 2039 479 2072 fraternam
504 2039 702 2074 dilectionem
727 2043 890 2083 lacerant,
917 2047 1049 2079 maximi¹

308 2100 381 2123 vero
405 2102 485 2134 quae
509 2093 592 2126 inter
604 2094 766 2137 religiosas
781 2106 932 2139 personas
951 2100 1047 2131 venti-

309 2144 423 2185 lantur,
437 2147 654 2180 occasionibus
665 2149 838 2190 obv'amus‚
852 2157 1048 2195 exortusque.

310 2205 462 2240 quantum
479 2211 551 2233 eum
567 2201 628 2234 Deo
645 2212 821 2245 possumus,
836 2205 1048 2247 consopimus.

352 2252 367 2294 ξ
391 2253 419 2284 ’1.
445 2254 523 2286 Sane
538 2281 545 2294 ‚
569 2260 604 2287 ut
627 2255 826 2298 accepimus,
851 2256 923 2289 licet
946 2257 1048 2290 dilecti

138 2323 294 2343 Sffimfigl„
310 2302 363 2334 tilii
388 2305 560 2348 presbyteri
586 2308 772 2341 venerabilis
796 2309 958 2343 Societatis
982 2312 1048 2343 Iesu

109 2355 145 2400 2¹3¹„
155 2351 342 2400 ζῑζῖᾗξζᾋξὲἷζζῗίη
366 2356 456 2389 vinea
472 2358 606 2400 Domini,
624 2365 785 2404 tamquam
808 2362 960 2396 fructiferi
985 2367 1046 2407 pal-

108 2406 156 2423 ’ω’
311 2408 411 2450 mites,
436 2409 467 2442 in
491 2415 555 2444 toto
572 2412 634 2445 fere
651 2414 738 2455 orbe,
756 2420 819 2447 tam
837 2415 869 2448 in
886 2417 1049 2450 continen-

310 2461 358 2493 dis
387 2462 420 2494 in
448 2463 497 2495 via
521 2465 742 2499 mandatorum
766 2467 1024 2503 christifidelibus
1041 2499 1048 2512 ‚

310 2514 445 2547 infirmis
470 2516 501 2548 in
518 2516 579 2549 fide
595 2519 837 2562 consolidandis,
850 2522 1049 2566 aegrotisque

300 2567 460 2609 sanandis,
485 2569 651 2603 confractis
668 2572 848 2615 alligandis‚
863 2579 896 2607 et
919 2575 1049 2610 abiectis

140 1573 264 1596 Exordium,

1168 111 1182 133 1

1100 220 1256 245 ηοΜΑΝυΜ

1091 272 1290 312 reducendis,
1315 272 1424 305 ovibus
1452 272 1601 316 dispersis
1623 277 1654 306 et
1676 272 1758 316 lupis
1781 282 1833 306 ve·

1089 325 1236 367 spertinis
1259 325 1450 368 leonumque
1484 325 1634 358 famelicis
1666 324 1778 358 catulis
1799 323 1833 356 in

1089 377 1321 409 devorationem
1365 377 1512 420 expositis
1551 378 1758 411 reclamandis
1801 382 1833 410 et

1089 428 1302 469 defendendis,
1327 440 1423 472 quam
1446 430 1542 462 etiarn
1566 430 1615 471 iis,
1639 441 1720 473 quae
1743 434 1834 464 extra

1088 481 1167 514 ovile
1183 481 1296 515 Christi
1321 483 1576 526 sacrosanctique
1589 483 1716 526 imperii
1731 482 1832 516 nostri

1089 535 1228 575 tutelam,
1246 535 1304 567 sub
1325 535 1525 578 ignorantiae
1539 536 1625 579 iugo,
1642 536 1676 569 in
1689 535 1834 570 obscuris

1088 592 1119 619 et
1135 588 1340 621 tenebricosis
1364 589 1442 621 lucis
1459 599 1496 621 ac
1512 589 1644 624 desertis
1667 599 1723 631 per
1743 599 1835 622 mon·

1089 644 1193 672 tuosas
1209 651 1245 673 ac
1260 640 1401 674 difficiles
1427 641 1494 674 vias
1522 641 1680 683 aberrant,
1704 652 1834 676 conver-

1090 691 1200 732 tendis,
1225 696 1255 724 et
1278 692 1317 724 ad
1341 693 1486 726 nationes
1501 693 1654 727 catholica
1680 694 1835 738 religione

1088 743 1234 785 imbutas,
1251 750 1281 777 et
1305 745 1350 778 ad'
1368 746 1522 778 immanes
1546 746 1763 790 barbarasque
1785 745 1834 781 di-

1088 796 1151 828 vini
1186 798 1287 830 cultus
1321 798 1504 841 politicique
1541 804 1672 831 ornatus
1705 798 1833 842 ignaras

1087 854 1205 891 gentes,
1222 850 1323 883 serino
1347 851 1451 893 potius
1473 862 1568 894 quam
1586 851 1727 884 humano
1743 862 1833 885 more

1086 901 1223 935 viventes
1239 930 1246 942 ‚
1271 913 1338 936 sese
1365 903 1566 936 extendentes
1583 931 1591 944 ‚
1615 903 1772 946 optimum
1801 908 1833 938 et
1872 933 1875 935 .

1086 954 1282 988 uberrimum
1306 956 1443 989 fructum
1462 957 1636 997 attulerint,
1653 961 1685 989 et
1707 956 1742 989 in
1765 956 1832 990 dies

1086 1009 1198 1042 maiori
1222 1020 1295 1042 cum
1319 1009 1528 1042 sollicitudine
1553 1009 1663 1042 afferre
1677 1037 1685 1050 ,
1709 1008 1830 1043 zizania

1084 1062 1262 1105 extirpare,
1287 1062 1404 1094 bonum
1430 1073 1537 1095 semen
1561 1072 1719 1101 revocare,
1742 1061 1830 1104 plan·
1854 1074 1857 1075 ⁷

1085 1120 1170 1155 tare,
1194 1121 1357 1158 terrasque
1380 1115 1514 1148 incultas
1537 1115 1718 1157 evangelico
1741 1113 1827 1146 sulco

1083 1180 1118 1201 ac
1145 1168 1371 1201 ecclesiasticae
1395 1168 1577 1211 disciplinae
1603 1177 1730 1200 vomere
1752 1175 1826 1199 eru-

1083 1222 1194 1254 derare
1218 1231 1282 1253 non
1306 1226 1438 1254 cessent.

1126 1274 1141 1316 ξ
1163 1274 1194 1307 3.
1211 1275 1253 1306 Ac
1277 1275 1406 1313 dudum,
1425 1279 1555 1317 propter
1571 1274 1671 1318 ipsius
1688 1274 1826 1307 Societa-

1085 1326 1122 1359 tis
1145 1332 1211 1359 tam
1227 1327 1318 1360 utiles
1336 1333 1461 1370 tamque
1483 1327 1676 1360 necessarias
1691 1323 2002 1372 functio-Lffifflfw
2030 1364 2031 1375 γ

1083 1390 1147 1420 nes,
1165 1391 1243 1423 quas
1258 1385 1326 1412 tum
1344 1380 1376 1412 in
1394 1379 1541 1412 domibus
1558 1391 1614 1423 per
1630 1376 1904 1423 frequentemm'i‘
1916 1377 1938 1397 ¹·
1982 1374 1988 1376 v

1083 1433 1296 1466 Poenitentiae
1319 1438 1348 1466 et
1373 1433 1590 1466 Eucharistiae
1614 1438 1829 1467 sacramento-

1083 1496 1153 1517 rum
1161 1485 1468 1518 administrationem
1476 1491 1506 1518 et
1513 1486 1551 1518 ad
1557 1497 1669 1519 eorum
1679 1485 1829 1530 frequen÷

1083 1539 1232 1571 tationem
1249 1538 1430 1571 sectandam
1447 1539 1701 1572 exhortationem
1714 1539 1828 1582 praedi·

1082 1591 1302 1634 rationemque
1318 1596 1349 1624 et
1362 1591 1539 1635 spiritualia
1551 1592 1704 1625 exercitia
1716 1602 1753 1624 ac
1765 1592 1828 1626 alia

1083 1645 1167 1678 verbi
1188 1645 1241 1677 Dei
1266 1645 1453 1685 ministeria,
1472 1649 1538 1676 tum
1563 1644 1597 1676 in
1614 1644 1755 1687 collegiis
1770 1654 1828 1686 per

1085 1697 1230 1730 lectiones
1259 1702 1323 1729 tam
1348 1697 1505 1730 bonarum
1528 1697 1707 1730 litterarum
1731 1707 1828 1740 quam

1085 1749 1299 1792 philosophiae
1327 1749 1424 1782 etiam
1452 1754 1483 1781 et.
1511 1749 1687 1792 theologiae
1714 1749 1755 1782 ad
1777 1749 1829 1782 iu-

1085 1807 1242 1834 ventutem
1255 1801 1347 1834 bonis
1360 1801 1502 1834 moribus
1514 1806 1542 1834 et
1557 1801 1671 1834 litteris
1681 1801 1828 1835 imbuen-

1085 1854 1166 1893 dam,
1183 1864 1219 1886 ex
1242 1854 1342 1896 ipsius
1366 1854 1530 1887 Societatis
1553 1854 1713 1897 primaeva
1737 1855 1827 1888 insti-

1091 1907 1142 1939 .uti
1167 1907 1325 1939 erectione
1345 1917 1381 1939 ac
1398 1906 1505 1939 divina
1520 1907 1693 1948 vocatione,
1710 1917 1826 1950 magno

1086 1959 1136 1992 Dei
1161 1959 1313 1992 beneficio
1337 1964 1366 1993 et
1383 1959 1537 1992 Ecclesiae
1561 1960 1717 2003 spirituali
1741 1971 1828 1994 emo-

1087 2014 1223 2045 [umento
1239 2039 1248 2052 ‚
1283 2017 1429 2053 exercet,
1464 2012 1561 2045 felicis
1600 2013 1830 2048 recordationis

1092 2066 1196 2098 ³autus
1223 2066 1304 2108 Papa
1334 2065 1447 2098 tertius
1475 2065 1602 2108 speciali
1636 2066 1800 2109 privilegio
1816 2093 1826 2108 ,

1090 2124 1113 2150 ll
1143 2129 1360 2162 quaecumque
1384 2118 1494 2151 domos
1512 2145 1519 2159 ‚
1543 2119 1689 2151 ecclesias
1711 2123 1742 2151 et
1765 2118 1826 2151 col·
1860 2158 1865 2161 Α

1085 2171 1161 2213 'eg-ia
1185 2170 1362 2210 aedificare,
1386 2171 1435 2203 vel
1461 2181 1610 2204 concessa
1632 2171 1773 2214 recipere
1795 2176 1827 2204 et

1083 2224 1260 2256 Inliabitare
1284 2228 1397 2266 posset,
1422 2223 1599 2256 indulserit.

1123 2277 1138 2319 ἓ
1162 2277 1192 2310 3.
1216 2277 1253 2309 Et
1276 2276 1388 2309 deinde
1412 2277 1483 2320 piae
1508 2277 1679 2310 memoriae
1701 2277 1798 2310 Iulius
1814 2304 1824 2318 ‚
1867 2288 1996 2312 acen-n*

1080 2329 1173 2361 etiam
1198 2329 1280 2372 Papa
1313 2329 1424 2362 tertius
1455 2329 1611 2362 indultum
1639 2314 1956 2363 huiusmodiffissuH'

1079 2381 1331 2414 comfirmaverit.
1413 2382 1417 2387 ’

1122 2435 1137 2477 ᾗ
1160 2435 1189 2467 4.
1207 2435 1242 2467 Et
1264 2435 1435 2468 successive
1451 2436 1635 2468 recolendae
1651 2436 1822 2470 memoriae
1866 2451 1960 2484 eiu-w

1080 2488 1151 2521 Pius
1175 2493 1316 2531 quartus,
1333 2489 1588 2531 praedecessores
1609 2489 1720 2529 nostri,
1737 2478 1990 2522 idem⁰⁸⁸⁸¹‘¹¹²‘¹'¹¹²

1861 1296 1957 1322 Ideoque
1978 1300 1980 1305 ²
2001 1301 2003 1303 ’

1115 2553 1128 2576 1
1144 2551 1180 2578 Ut,
1193 2551 1222 2577 in
1235 2552 1432 2578 constitutione
1444 2561 1539 2585 xxxm,
1553 2552 1693 2586 Reqiminss
1706 2555 1772 2578 tom.
1784 2562 1822 2586 vr,

1078 2594 1141 2620 pag.
1161 2588 1219 2615 303.
1244 2589 1260 2614 2
1279 2587 1372 2614 Const.
1390 2597 1427 2622 x1‚
1446 2588 1580 2620 Exposcit,
1593 2590 1660 2621 tun,
1679 2596 1742 2622 pag.
1761 2590 1821 2619 422.
