2059 3228
90 231 130 257 !ln
160 230 272 258 ‹5158ss

339 224 398 255 not

291 284 511 327 suspensionis
531 289 557 316 et
590 281 749 314 interdicti
776 280 911 324 aliisque
937 281 1040 314 eecle—

289 336 423 368 siastici>
443 335 617 373 sententiis,
649 333 793 367 censuris
819 339 848 366 et
869 334 993 378 poenis,
1023 344 1038 366 a

291 389 358 420 inr«=
379 391 425 422 vel
448 389 486 421 ab
508 388 649 426 lioinine,
670 387 781 431 quavis
802 388 971 421 occasione
991 388 1038 420 vel

290 443 481 475 ··:ui<;1l.·i!is.
504 443 528 475 si
550 443 668 484 quilius
683 442 925 485 quomodolibet
947 443 1039 474 inno-

287 495 349 526 ‹lsui
375 497 527 536 existunt,
563 497 603 527 ad
637 496 785 528 effectum
818 496 1036 539 praesentium

283 549 442 580 dumtaxat
480 549 758 592 consequendum,
799 549 915 582 harum
954 549 1036 582 serie

282 601 481 634 absolventes
506 608 534 634 ct
570 603 735 635 absolutos
767 603 834 635 sore
856 607 1034 642 censentes;

283 665 407 687 necnon
437 655 668 689 beneficiorum
692 656 722 688 in
743 657 827 689 dicto
854 667 953 699 regno
973 657 1034 689 Ya—

282 708 299 739 l·
315 709 400 741 ntiae
422 710 667 742 consistmtium
693 710 872 753 qualitates,
906 710 1034 753 quanti-

283 767 375 796 tati-s.
392 762 625 805 innovationes,
641 758 922 808 mincupatioues,
933 765 1032 797 deno-

283 815 488 856 minatione&
524 817 711 850 situationes
749 825 775 851 ct
809 819 938 851 illorum
969 820 1034 850 fru-

281 875 393 901 ctuum
412 880 502 903 veros
522 881 647 903 annuos
666 871 789 904 valeres
809 873 1032 915 praesentibus

282 934 339 965 pro
370 924 526 967 expressis
556 924 723 962 habentes.
760 931 848 958 motu
882 926 1028 970 proprio,

282 987 344 1008 uou
377 977 416 1008 ad
453 977 678 1020 indigenarum
707 979 948 1022 praedictorum
982 981 1031 1013 vel

280 1029 417 1063 alicuius
434 1030 578 1074 ipsorum
597 1038 652 1064 aut
664 1032 796 1065 alterius
816 1044 872 1065 seu
889 1034 1029 1066 aliorum

282 1094 338 1126 pro
355 1083 399 1116 eis
420 1085 512 1117 nobis
528 1096 625 1129 super
644 1086 706 1118 hoc
720 1086 844 1119 oblatae
866 1087 1030 1130 petitionis

280 1137 476 1178 instantiam,
504 1139 557 1172 sed
583 1150 619 1172 ex
640 1151 728 1172 mera
748 1140 979 1174 deliberatione
1000 1147 1031 1174 et

279 1197 366 1224 certa
392 1192 524 1225 scientia
557 1199 677 1233 nostra,
709 1204 745 1226 ac
775 1194 813 1226 de
834 1195 1029 1238 apostolicae

280 1246 444 1288 potestatis
464 1245 677 1290 plenitudine,
692 1247 752 1279 hac
773 1254 883 1280 nostra
902 1247 935 1281 in
955 1260 1028 1292 per-

279 1303 411 1341 petuum
442 1299 578 1332 valitura
608 1300 838 1334 constitutione
858 1301 1029 1335 statuimus

278 1357 308 1384 ct
338 1352 535 1390 ordinamus,
567 1354 655 1397 quod
688 1365 724 1387 ex
748 1364 835 1387 nunc
861 1355 1026 1400 deinceps,

276 1407 443 1450 perpetuis
472 1407 589 1440 futuris
621 1408 832 1452 temporibus,
865 1409 973 1442 omnia
998 1415 1029 1443 et

278 1460 403 1502 singula
422 1460 579 1494 beneficia
599 1462 815 1495 ecclesiastica
831 1463 865 1495 in
877 1463 1027 1497 universo

277 1524 377 1557 regno
397 1514 559 1547 Valentiae
582 1515 768 1548 huiusmodi
790 1526 876 1549 nunc
910 1522 940 1549 et
968 1528 1027 1561 pro

278 1571 422 1610 tempore
442 1567 660 1608 consistentia,
672 1567 795 1601 etiamsi
817 1570 1027 1603 canonicatus

278 1625 306 1652 et
327 1620 542 1663 praebendae,
571 1621 740 1664 dignitates
766 1622 863 1655 etiam
888 1623 1027 1657 maiores

279 1680 348 1716 post
371 1674 583 1717 pontificales,
609 1680 640 1708 et
659 1675 855 1719 principales
876 1687 1027 1720 persona-

279 1733 339 1768 tus,
361 1728 656 1762 administrationes
674 1735 704 1762 et
725 1730 841 1771 officia,
858 1730 953 1764 etiam
969 1743 1026 1764 cu-

278 1788 346 1814 rata
367 1787 394 1814 ct
417 1782 563 1822 electiva,
582 1783 616 1815 in
636 1784 884 1827 metropolitana
907 1790 937 1817 et
957 1785 1027 1817 aliis

278 1834 518 1868 cathedralibus
537 1846 574 1868 ac
586 1836 762 1879 collegiatis
783 1837 937 1878 ecelesiis,
950 1849 1026 1871 nec-

278 1898 342 1920 non
358 1889 561 1932 parochiales
576 1890 731 1924 ecclesiae
752 1902 807 1924 seu
828 1901 940 1924 earum
955 1903 1026 1935 per-

278 1947 392 1985 petuae
412 1942 561 1983 vicariae,
584 1953 621 1976 ac
641 1944 673 1976 in
699 1944 843 1976 Romana
863 1944 958 1977 Curia
978 1946 1026 1978 vel

277 2002 364 2028 extra
384 2006 454 2029 cam
476 1996 625 2039 litigiosa,
648 1997 730 2029 etde
749 1997 818 2030 iure
839 2004 1027 2041 patronatus

278 2049 372 2081 etiam
407 2060 534 2092 regum,
558 2049 678 2082 ducum
697 2050 746 2083 vel
767 2051 904 2083 aliorum
926 2051 1025 2084 laico-

278 2113 362 2143 rum,
389 2102 484 2136 etiam
505 2103 663 2136 nobilium
697 2107 727 2136 et
762 2103 948 2141 illustrium,
970 2116 1026 2138 seu

278 2166 390 2188 eorum
411 2162 441 2189 et
465 2157 659 2191 clericorum
689 2157 825 2198 mixtim,
859 2158 954 2190 etiam
990 2169 1026 2191 ex

279 2208 467 2242 fundatione
486 2210 533 2242 vel
554 2210 791 2243 donationeaut
808 2210 931 2243 indulto
947 2222 1025 2255 apo-

278 2262 390 2295 stolico
407 2274 462 2296 seu
482 2263 560 2296 alias
580 2263 825 2307 quomodolibet
844 2264 1027 2308 qualiticata

279 2315 340 2347 sint
365 2317 411 2349 vel
433 2317 562 2358 suerint,
583 2318 709 2361 quoties
733 2318 786 2351 illa
808 2329 866 2362 per
885 2329 1024 2357 cessum,

280 2368 373 2401 etiam
395 2380 432 2402 ex
448 2381 544 2403 causa
565 2371 826 2413 permutationis,
847 2373 892 2405 vel
915 2372 1026 2404 deces—

280 2427 349 2448 sum
370 2428 423 2450 seu
446 2420 590 2461 quamvis
614 2419 709 2452 aliam
737 2419 958 2452 dimissionem
979 2421 1026 2452 vel

280 2465 482 2498 amissionem
505 2473 559 2499 aut.
579 2468 788 2511 privationem
810 2480 845 2501 ca
867 2480 925 2512 pro
946 2474 1027 2502 tem-

280 2524 357 2554 pore
379 2515 592 2548 obtinentium
627 2527 682 2549 scu
705 2517 754 2549 ius.
775 2517 805 2549 in
834 2518 895 2549 illis
915 2518 961 2550 vel
988 2518 1026 2550 ad

282 2562 334 2593 ilia
359 2563 558 2605 habentium,
585 2572 640 2598 aut,
670 2566 747 2598 alias
777 2567 890 2610 quovis
915 2567 1024 2605 modo,

280 2611 374 2645 ctiam
394 2613 480 2658 apud
501 2613 614 2648 Sedent
635 2615 905 2667 p·.·aetlictaiu,·ac
930 2615 1024 2650 ctiam

886 229 1063 252 RULLARIUM
1088 229 1237 253 Romami

1083 280 1115 313 in
1140 280 1249 324 aliquo
1270 291 1305 314 ex
1328 282 1504 323 mensibus,
1524 283 1556 316 in
1580 284 1698 328 quibus
1713 295 1830 319 vacan-

1083 333 1163 366 tium
1189 334 1421 368 beneficiorum
1456 336 1746 371 ecclesiasticorum
1780 339 1829 371 di-

1081 387 1213 431 spositio
1235 388 1326 421 nobis
1351 395 1382 421 et
1405 389 1478 422 Sedi
1503 390 1702 432 Apostolicae
1733 393 1828 425 etiam

1081 451 1139 484 pcr
1159 441 1403 475 constitutiones
1423 443 1614 486 apostolicas
1627 454 1682 477 scu
1698 444 1828 478 Cancel-

1079 487 1413 539 lariae⁴Apostolicae
1444 497 1570 539 regulas
1605 502 1652 530 est
1684 498 1732 531 vel
1770 510 1828 542 pro

1079 553 1225 591 tempore
1244 549 1338 582 suerit
1357 557 1529 590 reservata,
1551 551 1599 583 vel
1620 551 1718 584 etiam
1740 553 1828 585 ordi-

1077 601 1176 634 nariis
1204 603 1414 637 collatoribus
1444 614 1503 648 per
1521 604 1650 637 easdem
1672 606 1828 638 eonstitu-

1078 654 1182 688 tiones
1199 666 1254 689 seu
1275 657 1404 699 regulas
1420 657 1468 690 vel
1485 657 1607 691 litteras
1626 658 1829 691 alternatim-

1077 718 1161 748 rum,
1184 715 1239 742 aut
1254 710 1314 743 alia
1335 710 1500 755 privilegia
1512 716 1542 744 et
1553 711 1677 744 indulta
1693 723 1827 745 conces·
1851 711 1859 719 ’

1075 762 1117 794 sis
1133 762 1290 796 hactenus
1309 770 1339 797 et
1364 764 1395 797 in
1415 770 1581 808 posterum
1602 765 1826 805 concedendis,

1075 815 1170 848 simul
1204 818 1251 849 vel
1284 818 1462 851 successive
1493 829 1606 852 vacare
1641 819 1824 861 contigerit,

1074 869 1198 902 etiamsi
1219 876 1289 903 actu
1311 882 1411 911 nunc,
1432 877 1465 904 ut
1482 872 1674 915 praefertur,
1687 873 1733 905 vel
1747 873 1826 905 alias

1073 923 1237 965 quibusvis
1271 925 1375 958 modis
1407 930 1436 958 et
1473 936 1510 958 ex
1539 936 1824 970 quorumcumque

1072 977 1217 1020 personis
1241 984 1366 1019 vacent3
1389 989 1425 1011 ac
1445 989 1482 1011 ex
1503 989 1540 1012 eo
1561 979 1646 1023 quod
1668 979 1825 1012 beneficia

1073 1029 1141 1073 ipsa
1161 1031 1353 1072 obtinentes,
1369 1042 1425 1065 seu
1443 1033 1474 1064 in
1494 1032 1555 1064 illis
1574 1033 1623 1065 vel
1643 1033 1683 1065 ad
1705 1033 1757 1065 itta
1773 1033 1824 1065 ins

1071 1083 1238 1125 habentes,
1260 1085 1362 1118 nostri
1382 1090 1411 1118 et
1437 1096 1722 1129 quorumcumque
1742 1086 1822 1119 alio·
1848 1094 1851 1095 ’

1072 1147 1143 1169 rum
1164 1137 1386 1171 Romanorum
1405 1139 1600 1172 Pontificum
1629 1139 1821 1183 praedeces-

1070 1200 1181 1223 sorum
1210 1202 1266 1224 seu
1298 1202 1521 1225 successorum
1547 1198 1744 1234 nostrorum,
1767 1198 1822 1227 aut

1070 1244 1102 1277 S.
1129 1245 1165 1277 R.
1186 1245 1221 1278 E.
1242 1245 1469 1286 cardinalium,
1491 1246 1588 1279 etiam
1603 1246 1775 1280 viventium
1790 1253 1822 1280 et

1071 1298 1102 1330 in
1136 1298 1221 1332 dicta
1249 1299 1344 1332 Curia
1372 1300 1604 1344 praesentium,
1630 1300 1817 1341 familiares,

1070 1351 1216 1385 continui
1247 1354 1492 1393 commensales,
1523 1364 1578 1386 seu
1605 1353 1709 1387 dictae
1729 1354 1820 1388 Sedis

1070 1406 1199 1445 notarii,
1221 1407 1424 1448 subdiaconi,
1447 1407 1597 1451 acolythi,
1628 1408 1818 1452 cappellani,

1070 1459 1248 1493 litterarum
1277 1461 1528 1504 apostolicarum
1558 1461 1816 1501 abbreviatores,

1069 1513 1255 1557 scriptores,
1277 1514 1482 1555 cubicularii,
1505 1514 1659 1554 scutiferi,
1682 1525 1818 1558 proven-

1068 1572 1160 1600 tuum
1182 1573 1213 1600 et
1232 1568 1354 1601 iurium
1375 1568 1527 1601 Gamerae
1543 1568 1747 1612 Apostolieae
1765 1569 1819 1602 de-

1068 1620 1209 1653 bitorum
1224 1621 1414 1654 collectores
1434 1627 1464 1654 et
1484 1621 1747 1662 subcollectores,
1761 1633 1824 1655 seu-

1068 1673 1267 1719 quicumque
1291 1675 1345 1708 alii
1370 1675 1484 1709 Curiae
1505 1681 1533 1707 et
1560 1675 1650 1708 Sedis
1670 1675 1817 1719 praedic-

1069 1733 1172 1760 tarum
1198 1728 1363 1769 officiales,
1386 1729 1479 1762 etiam
1501 1729 1561 1761 sub
1583 1729 1714 1763 diversis
1738 1740 1816 1762 eou-

1068 1781 1289 1815 stitutionibus
1326 1783 1428 1816 felicis
1460 1783 1695 1816 recordationis
1727 1783 1816 1816 Pauli

1068 1836 1170 1879 Papae
1188 1836 1234 1877 lV,
1259 1837 1519 1880 praedecessoris
1546 1836 1656 1876 nostri,
1683 1847 1817 1869 suorum

1067 1895 1098 1921 et
1122 1900 1181 1932 pro
1202 1895 1348 1934 tempore
1369 1890 1572 1923 existentium
1595 1890 1815 1923 Romanorum

1068 1942 1261 1975 Pontificum
1312 1943 1540 1983 familiarium,
1585 1943 1815 1976 continuorum

1067 1996 1335 2029 commensalium
1379 1996 1622 2036 declaratoriis,
1666 2007 1815 2040 compac-

1068 2050 1172 2090 liensi,
1196 2056 1382 2093 praesentes
1409 2056 1436 2083 et
1470 2050 1582 2090 futuri,
1609 2060 1816 2094 quocumque

1067 2103 1198 2137 nomine
1230 2103 1419 2147 nuncupati,
1451 2115 1506 2137 seu
1537 2114 1572 2136 ev
1611 2103 1722 2146 quavis
1755 2103 1816 2136 alia

1068 2168 1164 2190 causa
1184 2156 1385 2200 dispositioni
1411 2157 1606 2200 apostolicae
1634 2156 1818 2200 specialiter

1067 2211 1115 2243 vel
1136 2210 1213 2244 alias
1232 2210 1425 2253 generaliter
1446 2217 1616 2249 reservata,
1640 2215 1694 2243 aut
1713 2221 1750 2243 ex
1764 2220 1818 2253 ge-

1068 2264 1167 2296 nerali
1190 2263 1403 2296 reservatione
1424 2263 1597 2306 apostolica
1617 2263 1743 2302 allecta,
1761 2273 1815 2296 seu

1067 2318 1106 2350 ad
1127 2317 1240 2351 Sedcm
1264 2318 1409 2350 οῖιιίιιὶριι]
1431 2317 1582 2349 devoluta
1611 2317 1747 2349 existant
1768 2316 1816 2349 vel

1068 2371 1198 2411 suerint,
1220 2371 1296 2404 solis
1328 2370 1485 2411 indigenis
1505 2369 1580 2402 dicti
1603 2369 1703 2412 regni,
1729 2379 1814 2409 vere,

1069 2419 1200 2452 realiter
1224 2426 1252 2452 et
1275 2429 1336 2451 non
1360 2420 1431 2450 tia-to
1453 2419 1482 2450 in
1505 2418 1642 2451 conatis
1664 2424 1692 2450 et
1716 2417 1818 2450 nasci-

1069 2469 1161 2507 turis,
1185 2469 1297 2500 ass'ecta
1319 2476 1345 2499 ιί
1369 2467 1486 2506 ‹toltit-«3
1508 2467 1725 2510 praedictique
1741 2467 1817 2500 alie-

1069 2517 1204 2559 nigcnae
1225 2517 1262 2549 ad
1290 2516 1473 2548 huiusmodi
1503 2515 1658 2548 beneficia
1682 2515 1715 2547 in
1740 2514 1814 2547 titu-

1070 2566 1149 2606 lum,
1173 2566 1410 2604 continendam,
1433 2563 1741 2597 administrationem
1768 2562 1814 2594 vel

1069 2614 1146 2648 :ilias
1175 2614 1417 2660 quoiuodolilct
1443 2613 1667 2655 obtinendum,
1696 2617 1749 2645 aut
1777 2611 1815 2645 il-
