2059 3228
108 260 159 289 An.
179 251 197 287 c
227 262 294 293 1580

351 252 416 286 53ssAE

305 313 494 353 dioecesim,
529 313 651 346 clerum
681 317 710 345 et
746 311 903 356 populum
936 312 1049 345 huius-

284 376 287 379 ·
305 367 508 400 modisuturo
528 366 681 410 episcopo
690 366 796 399 Sancti
813 366 1048 410 Severi,quoad

303 419 529 463 episcopalem,
549 424 580 453 et
599 419 685 453 dicto
705 420 1048 464 archiepiscopo‚quo-

301 473 340 506 ad
356 473 637 516 metropolitanam
649 473 843 506 ordinariam
855 474 1047 508 iurisdictio-

299 536 374 559 nem
412 531 442 560 et
474 526 752 572 superioritatem,
776 528 819 560 ita
835 528 920 572 quod
940 529 1045 562 dictus

298 581 388 614 locus
407 580 517 614 Turris
536 580 663 615 Maioris
687 591 754 615 non
773 581 912 626 amplius
923 583 1044 615 nullius

297 633 463 675 dioecesis,
486 633 542 667 sed
562 635 695 678 posthac
714 634 822 668 Sancti
838 635 945 669 Severi
959 636 1044 670 dioe-

296 686 376 720 cesis
396 687 519 729 existat,
539 688 741 722 subiicimus.

339 740 354 784 g
378 740 409 773 5.
436 741 567 775 Necnon
602 742 745 776 ruralem
775 742 962 783 ecclesiam,
994 753 1042 776 re-

293 793 429 828 ctoriam
455 805 512 828 seu
536 795 792 840 praeposituram
805 802 1038 839 nuncupatam,

292 847 369 881 olim
399 849 630 882 monasterium
668 849 859 883 Sanctorum
897 850 982 883 Petri
1010 856 1041 884 et

291 900 410 942 Severi,
445 901 572 936 Ordinis
607 902 715 936 Sancti
750 903 926 944 Benedicti,
963 904 1039 936 dicti

290 954 400 999 oppidi
425 955 536 989 Turris
563 956 702 997 Maioris,
725 967 823 1000 quam
848 957 1039 991 venerabilis

288 1008 388 1041 frater
399 1009 650 1043 nosterlacobus
661 1009 832 1054 episcopus
841 1010 1037 1054 Aprutinen-

288 1061 330 1094 sis
349 1072 454 1107 nuper
473 1062 505 1096 in
536 1063 760 1096 commendam
787 1064 826 1096 ad
847 1063 916 1097 eius
940 1064 1036 1098 vitam

287 1125 324 1148 ex
344 1115 581 1159 dispensatione
601 1117 777 1160 apostolica
797 1116 972 1158 obtinebat,
1000 1129 1036 1151 ac

287 1168 380 1202 cuius
399 1174 430 1202 et
458 1169 503 1202 illi
536 1170 643 1203 forsan
668 1180 868 1203 annexorum
897 1170 1032 1213 fructus,

288 1222 433 1256 redditus
453 1228 482 1256 et
499 1228 671 1267 proventus
692 1229 913 1257 trecentorum
933 1225 1034 1258 duca-

286 1280 392 1309 torum
408 1276 479 1309 auri
489 1276 527 1310 de
540 1275 685 1317 Camera‚
699 1277 877 1310 secundum
890 1288 1035 1311 commu-

285 1339 360 1362 nem
376 1329 657 1369 existimationem,
672 1331 813 1364 valorem
823 1340 981 1372 annuum,
999 1337 1032 1365 ut

284 1382 480 1426 accepimus,
502 1393 567 1416 non
580 1384 738 1417 excedunt
758 1384 961 1427 (commenda
975 1386 1033 1418 hu-

284 1436 435 1477 iusmodi,
458 1447 495 1469 ex
515 1447 552 1470 eo
584 1437 670 1481 quod
692 1437 775 1470 idem
801 1437 936 1472 Iacobus
963 1439 1031 1482 epi-

283 1500 400 1534 scopus
419 1489 465 1523 illi
481 1500 608 1525 necnon
628 1491 715 1523 omni
737 1490 812 1532 iuri,
830 1491 932 1524 sibiin
949 1492 1032 1526 dicta
1051 1518 1053 1525 ,

282 1544 382 1577 rurali
399 1543 535 1578 ecclesia
549 1545 599 1577 vel
613 1545 653 1577 ad
674 1544 760 1578 illam
787 1546 1032 1588 quomodolibet

283 1597 489 1641 competenti,
523 1597 619 1630 hodie
657 1600 689 1630 in
732 1598 880 1631 manibus
912 1600 1031 1632 nostris

282 1656 395 1694 sponte
415 1655 445 1684 et
464 1650 565 1683 libere
585 1650 691 1691 cessit,
710 1661 833 1694 nosque
853 1652 1029 1686 cessionem

281 1704 468 1739 huiusmodi
493 1704 643 1737 duximus
678 1705 922 1746 admittendam,
960 1717 1029 1740 ces-

281 1764 370 1791 sante
407 1758 514 1791 adhuc
534 1769 571 1791 eo
592 1758 678 1801 quod
710 1765 783 1792 ante
804 1760 1028 1792 commendam
1048 1794 1051 1802 ,

281 1812 382 1855 ipsam
407 1812 549 1851 vacabat,
576 1822 663 1845 nunc
695 1813 852 1854 vacante),
876 1823 948 1845 cum
971 1823 1028 1846 an-

281 1865 369 1898 nexis
388 1864 572 1898 huiusmodi
600 1865 753 1910 praediis,
776 1867 1028 1910 proprietatibus

280 1930 317 1952 ac
341 1918 490 1952 omnibus
519 1918 645 1952 iuribus
664 1924 695 1951 et
723 1919 926 1963 pertinentiis
948 1921 1025 1961 suis,

281 1971 450 2015 omniaque
479 1977 510 2006 et
541 1972 667 2016 singula
696 1973 839 2016 praedia,
879 1974 1027 2017 proprie-

281 2030 370 2066 tates,
392 2036 518 2066 census,
549 2025 701 2066 decimas,
723 2025 884 2070 primitias
905 2032 1027 2061 cetera-

279 2090 342 2122 que
365 2080 461 2120 bona,
484 2080 619 2120 fructus,
641 2079 796 2121 redditus,
811 2088 987 2124 proventus
997 2087 1028 2114 et

279 2133 375 2166 etiam
406 2133 655 2174 iurisdictiones,
683 2133 825 2166 actiones
845 2139 875 2167 et
895 2134 965 2167 iura
990 2145 1027 2168 ac

279 2185 339 2218 alia
360 2187 579 2220 emolumenta
599 2197 825 2230 quaecumque
836 2187 912 2220 olim
939 2198 1027 2221 men-

278 2250 331 2272 sae
343 2239 535 2283 episcopalis
560 2246 592 2273 et
611 2240 765 2274 ecclesiae
777 2239 985 2281 Civitatensis,
997 2247 1027 2274 ct

278 2293 569 2335 quaehactcnusad
578 2293 679 2337 ipsam
694 2304 837 2327 mensam
859 2294 1025 2338 episcopa-

279 2346 354 2386 lem,
368 2346 556 2390 episcopum
570 2353 601 2380 et
617 2347 784 2381 ecclesiam
799 2347 1026 2381 Civitatensem

278 2400 556 2442 quomodolibetet
569 2400 705 2434 ubilibet
719 2401 941 2444 spectabantet
956 2412 1027 2445 per-

277 2452 434 2493 tinebant,
457 2454 644 2497 episcopali,
665 2464 724 2498 pro
744 2454 812 2487 eius
832 2460 864 2487 et
881 2454 1025 2499 episcopi

279 2501 503 2536 SanctiSeveri
523 2513 582 2546 pro
602 2509 748 2547 tempore
768 2504 952 2544 existentis;
975 2514 1026 2537 ca-

279 2549 410 2593 pitulari
439 2557 546 2584 autem
582 2553 701 2585 mensis
721 2558 846 2586 erectae
872 2553 1025 2586 ecclesiae

279 2599 430 2642 illiusque
449 2610 572 2633 massae
597 2601 774 2642 communi,
802 2612 860 2645 pro
888 2601 1024 2645 dignita-

278 2653 359 2688 tum,
369 2648 618 2683 canonicatuum
630 2656 661 2683 et
670 2650 927 2694 praebendarum
943 2650 1024 2685 alio-

898 256 1077 284 BULLARtmt
1100 258 1249 282 Ronffitot

1092 320 1229 354 rumque
1262 309 1497 343 beneficiorum
1528 310 1559 343 in
1593 320 1629 342 oa
1654 313 1837 343 erectorum

1090 363 1232 405 dotibus,
1254 363 1373 406 illaque
1389 374 1446 407 pro
1466 368 1609 406 tempore
1622 362 1835 397 obtinentium

1089 417 1250 450 alimentis
1281 416 1482 457 necessariis,
1518 416 1625 450 omnia
1658 422 1690 450 et
1710 416 1835 460 singula

1088 470 1223 510 fructus,
1234 470 1378 504 redditus
1385 474 1416 503 et
1426 476 1610 513 proventus,
1623 470 1706 511 iura,
1715 470 1834 504 obven-

1088 524 1190 557 tiones
1202 529 1232 557 et
1243 524 1461 557 emolumenta
1480 534 1703 567 quaecumque
1718 523 1835 558 Beatae

1087 578 1241 611 Mariaein
1257 577 1474 611 cathedralem
1487 582 1624 617 erectae,
1640 587 1768 611 necnon
1780 587 1833 610 ar-

1086 631 1331 668 chidiacon-us
1339 637 1369 664 et
1386 630 1716 674 archipresbyteratus
1727 634 1832 664 trans-

1085 685 1223 718 latorum
1231 683 1467 728 praedictorum
1487 683 1623 724 fructus,
1640 683 1784 717 redditus
1800 688 1832 718 et

1083 743 1279 781 proventus,
1311 737 1520 771 obventiones
1553 742 1585 771 et
1612 738 1831 772 emolumenta

1083 802 1320 836 quaecumque,
1341 792 1384 825 ita
1395 796 1430 824 ut
1441 803 1477 825 ex
1494 791 1690 825 dictamassa
1705 791 1831 836 aliquid

1082 851 1206 879 certum
1216 846 1247 878 in
1259 845 1576 889 praebendamdictis
1582 844 1826 887 archidiacono,

1081 899 1361 943 archipresbytero
1381 903 1412 932 et
1426 898 1613 943 primicerio
1628 908 1758 932 necnon
1776 909 1828 932 ca-

1080 952 1206 985 nonicis
1218 957 1248 985 et
1267 951 1467 985 beneficiatis
1477 951 1702 992 constituatur,
1723 962 1760 985 ac
1779 962 1828 986 re-

1079 1006 1179 1049 liqua,
1201 1016 1295 1049 quae,
1328 1005 1480 1038 detractis
1506 1005 1825 1049 praebendishuius-

1079 1059 1165 1092 modi
1185 1059 1290 1093 dictae
1311 1069 1433 1092 massae
1448 1064 1654 1103 supererunt,
1676 1068 1737 1103 pro
1755 1064 1825 1092 rata

1078 1112 1196 1146 servitii
1224 1112 1264 1146 ab
1296 1123 1496 1156 unoquoque
1529 1122 1642 1146 eorum
1679 1111 1823 1156 praestiti

1076 1167 1282 1209 postmodum
1304 1166 1388 1199 inter
1413 1166 1512 1210 ipsos,
1542 1166 1638 1199 modo
1658 1170 1690 1199 et
1709 1165 1824 1200 ordine

1077 1230 1093 1252 a
1114 1219 1222 1252 futuro
1243 1219 1395 1263 episcopo
1407 1219 1514 1253 Sancti
1534 1218 1642 1253 Severi
1662 1219 1823 1264 praescri-

1054 1291 1055 1296 =
1075 1273 1199 1312 bondis,
1222 1273 1420 1313 dividantur,
1454 1273 1645 1307 auctoritate
1662 1278 1694 1308 et
1711 1279 1824 1308 tenore

1075 1327 1261 1370 praedictis,
1274 1327 1369 1360 etiam
1386 1332 1544 1371 perpetuo
1564 1327 1707 1369 unimus,
1723 1339 1823 1363 anne·

1075 1381 1191 1414 ctimus
1211 1387 1241 1414 et
1261 1381 1520 1425 incorporamus,
1548 1382 1592 1415 ita
1615 1382 1703 1426 quod
1726 1382 1822 1417 liceat

1073 1446 1132 1479 pro
1142 1441 1287 1479 tempore
1298 1435 1443 1468 existenti
1452 1435 1603 1479 episcopo
1610 1434 1717 1469 Sancti
1725 1435 1820 1470 Seve-

1074 1489 1112 1530 ri,
1124 1489 1202 1522 olim
1222 1499 1351 1522 mensae
1367 1488 1559 1533 episcopalis
1571 1494 1599 1522 et
1609 1489 1820 1524 ecclesiaeCi-

1072 1542 1235 1576 vitatensis
1243 1542 1465 1586 rectoriaeque
1476 1542 1671 1587 praedictae,
1688 1553 1725 1576 ac
1736 1542 1819 1587 capi-

1072 1597 1140 1629 tulo
1151 1602 1182 1629 et
1201 1595 1398 1630 beneficiatis
1406 1596 1568 1640 praefatis,
1583 1595 1683 1641 ipsius
1693 1602 1818 1631 erectae

1071 1650 1225 1684 ecclesiae
1241 1660 1368 1684 necnon
1381 1650 1661 1683 archidiaconatus
1673 1656 1704 1684 et
1713 1651 1818 1684 archi-

1070 1703 1310 1748 presbyteratus
1351 1704 1580 1737 translatorum
1628 1703 1815 1738 huiusmodi

1070 1757 1249 1798 fructuum,
1272 1757 1458 1790 reddituum
1475 1762 1506 1790 et
1517 1762 1742 1801 proventuum,
1765 1757 1815 1790 iu-

1070 1810 1169 1851 rium,
1195 1810 1426 1844 obventionum
1463 1816 1493 1844 et
1521 1811 1815 1846 emolumentorum

1069 1865 1271 1909 corporalem
1283 1864 1517 1908 possessionem
1531 1875 1631 1908 perse
1646 1865 1696 1898 vel
1715 1865 1815 1898 aliurn

1069 1929 1124 1951 seu
1157 1918 1236 1952 alios
1278 1918 1409 1962 propria
1454 1918 1645 1952 auctoritate
1686 1929 1814 1963 respec-

1069 1972 1130 2005 tive
1148 1972 1248 2005 libere
1269 1972 1514 2016 apprehendere
1539 1977 1569 2004 et
1588 1977 1746 2016 perpetuo
1766 1982 1816 2006 re-

1068 2026 1182 2065 tinere,
1196 2025 1316 2069 illaque
1328 2025 1507 2070 percipere,
1521 2025 1685 2069 colligere,
1695 2026 1812 2067 levare,

1068 2079 1210 2122 exigere,
1229 2079 1375 2123 recipere
1401 2085 1432 2111 et
1463 2089 1673 2122 recuperare,
1707 2089 1815 2113 arren-

1069 2132 1156 2173 dare,
1176 2133 1283 2166 locare
1303 2137 1333 2165 et
1353 2131 1385 2165 in
1401 2142 1514 2165 eorum
1538 2143 1617 2166 usus
1641 2138 1673 2166 et
1691 2133 1814 2166 utilita-

1068 2191 1131 2219 tem
1153 2186 1326 2229 respective
1344 2192 1542 2227 convertere,
1557 2186 1697 2220 cuiusvis
1712 2187 1812 2220 licen-

1067 2240 1110 2272 tia
1131 2240 1269 2284 desuper
1290 2240 1421 2273 minime
1441 2239 1605 2284 requisita.

1111 2294 1126 2336 ξ,
1145 2293 1176 2326 (i.
1226 2293 1438 2327 Decet-nentes
1458 2304 1495 2327 ex
1521 2303 1610 2327 nunc
1634 2293 1761 2327 irritum
1782 2299 1813 2328 et

1068 2347 1174 2387 inane,
1195 2347 1220 2379 si
1237 2357 1328 2380 secus
1340 2357 1436 2391 super
1449 2347 1498 2380 his
1513 2358 1530 2380 a
1541 2357 1717 2391 quoquam,
1735 2358 1812 2391 qua-

1066 2400 1113 2433 vis
1137 2400 1339 2442 auctoritate,
1377 2401 1514 2434 scienter
1541 2401 1590 2434 vel
1610 2400 1809 2444 ignoranter,

1067 2454 1237 2498 contigerit
1249 2454 1409 2495 attentari3
1421 2465 1484 2487 non
1499 2453 1711 2494 obstantibus,
1730 2464 1810 2498 qua-

1067 2508 1161 2537 tenus
1193 2514 1275 2548 opus
1295 2503 1343 2543 sit,
1377 2503 1494 2537 nostris
1514 2504 1553 2537 de
1573 2513 1639 2536 non
1667 2502 1810 2536 tollendo

1068 2552 1137 2585 iure
1157 2552 1302 2596 quaesito
1322 2563 1359 2585 ac
1379 2552 1552 2586 unionibus
1572 2551 1809 2586 committendis

1066 2601 1104 2634 ad
1126 2607 1244 2645 partes,
1271 2602 1389 2635 vocatis
1414 2612 1553 2646 quorum
1567 2601 1709 2641 interest,
1732 2610 1808 2634 nec-

1040 2636 1131 2698 lnon
1159 2650 1379 2685 Lateranensis
1408 2650 1537 2684 concilii
1557 2647 1726 2707 povissime
1754 2658 1809 2682 ce·

1855 255 1942 286 A‘th

1970 2158 1992 2184 ⁴¹.
1975 2092 1994 2146 ,2²3-
1988 2070 1994 2080 ,
1982 2011 1991 2057 »κε

2024 2278 2028 2288 Ι

1851 2303 2002 2337 Ctausntuo'gt
2023 2302 2040 2345 L

1825 2337 1932 2364 derogatio
1952 2340 2000 2361 w!—
2033 2343 2036 2349 “

1825 2370 1943 2390 uariorum·
1982 2382 1987 2386 -

1974 2404 1984 2416 ς
