2059 3228
152 261 237 306 ipsos
255 263 433 306 regiminis,
451 258 578 298 necnon
599 265 757 297 bonorum
770 264 818 297 vel
841 274 906 296 ma-

152 315 230 349 ioris
247 317 347 360 partis
367 328 481 350 eorum
501 328 784 362 ‹piaruuicmnque
801 318 904 349 eccle-

151 369 273 403 siarum
293 371 540 411 cathedralium,
562 372 658 404 etiam
681 372 904 414 metropolita-

152 432 280 462 narum,
301 434 339 456 ac
359 425 630 458 monasteriorum
652 424 829 457 otaliormn
848 424 903 455 be-

151 474 344 514 neficiorum
365 488 402 509 ac.
418 477 578 515 locorum,
602 477 735 510 ubilibet
756 477 787 508 in
813 476 905 509 dictis

150 529 300 572 partibus
330 535 362 563 et
394 530 503 573 regnis
527 531 746 571 existentium,
769 530 801 562 in
821 541 904 573 quo-

152 592 226 616 rum
245 583 431 626 superiores
451 589 481 616 et
500 583 821 628 praelatiadaliquas
842 583 903 615 liu-

152 636 293 670 iusmodi
313 637 490 670 solutiones
510 642 672 675 tenentur,
696 636 904 680 possessionis

153 690 401 733 computandos,
424 690 596 724 omninoet
607 689 807 731 integraliter
818 689 901 729 fieri3

152 742 232 786 quin
255 742 365 785 etiam,
394 751 539 786 tempore
559 743 725 786 praedicto
751 743 901 782 durante,

153 797 295 841 capitula
320 803 351 831 et
379 797 527 831 canonici
552 807 589 830 ac
609 797 674 836 alii,
694 795 812 839 quibus
830 796 903 828 illae

152 850 322 892 debentur,
353 851 482 884 easdem
513 851 639 893 exigere
659 856 689 883 et
709 860 903 893 recuperare

153 904 301 945 debeant,
316 904 395 938 alias
414 910 558 948 tempore
575 903 762 936 huiusmodi
783 904 903 946 elapso,

153 958 259 992 omnis
273 958 369 999 actio,
389 968 472 1001 quae
492 958 632 1000 desuper
657 962 768 989 contra
785 956 903 989 dictam

153 1011 320 1046 eameram
337 1011 503 1055 praetendi
524 1016 642 1054 posset,
655 1021 692 1043 eo
714 1010 783 1053 ipso
804 1015 902 1043 cesset

154 1070 210 1099 aut
233 1075 358 1099 cessare
378 1065 588 1107 intelligatur,
611 1075 670 1098 nec
695 1064 758 1097 iani
779 1063 903 1106 capim-

155 1118 208 1160 lis,
229 1118 394 1152 canonicis
411 1124 441 1151 et
465 1118 543 1150 alias
563 1128 660 1162 super
680 1117 839 1161 spoliis-ac
849 1116 905 1149 bo-

157 1172 206 1205 nis
234 1172 370 1216 praelati
402 1182 462 1215 pro
495 1177 640 1215 tempore
661 1170 802 1203 defuncti
822 1180 904 1213 quo-

157 1225 332 1259 modolibet
351 1224 636 1269 praetendentibus
652 1225 756 1256 ullum
774 1233 906 1267 prorsus

157 1279 220 1321 ius,
245 1279 377 1323 ullaque
397 1279 480 1312 actio
501 1290 598 1322 super
627 1278 747 1311 eisdem
774 1277 906 1310 solutio-

155 1332 265 1374 nibus,
286 1333 481 1376 illarumque
502 1332 665 1365 exactione
686 1338 717 1364 et
737 1341 907 1375 reeupera-

157 1386 245 1419 tione
264 1391 426 1430 competat
446 1396 504 1418 nec
526 1391 699 1418 remaneat.

201 1440 217 1484 ᾗ
240 1439 272 1473 5.
298 1439 512 1473 Decernentes
532 1439 576 1472 sic
606 1439 639 1471 in
663 1438 848 1483 praemissis
874 1447 908 1470 0-

29 1533 33 1535 ,
62 1495 146 1536 ἴηνα·
158 1493 288 1528 mnibus
307 1500 339 1527 et
357 1493 492 1536 singulis
512 1504 570 1537 per
588 1503 810 1536 quoscumque
822 1491 907 1524 iudi-

58 1530 213 1582 =··'⁰b⁶⁸ces
241 1552 273 1580 et
304 1547 543 1580 commissarios
580 1547 691 1589 quavis
720 1545 908 1579 auctoritate

160 1601 340 1645 fungentes,
363 1601 488 1634 sublata
516 1601 562 1633 eis
582 1606 611 1632 et
642 1610 756 1633 eorum
777 1598 909 1632 cuilibet

161 1654 272 1700 quavis
290 1654 382 1689 aliter
401 1654 602 1687 iudicandiet
620 1652 852 1698 interpretandi
863 1653 909 1685 fa-

163 1708 281 1742 cultate
305 1713 401 1752 atque
424 1708 625 1747 auctoritate,
648 1707 783 1740 iudicari
804 1711 834 1739 et
853 1706 908 1739 de-

162 1761 251 1796 finiri
270 1761 388 1796 debere
400 1773 409 1802 3
439 1772 476 1794 ac
500 1761 629 1794 irritum
650 1767 680 1794 et
699 1762 793 1793 inane
814 1759 910 1804 quid-

164 1815 246 1860 quid
263 1825 357 1849 secus
375 1825 473 1859 super
492 1815 542 1847 his
562 1825 580 1847 a
601 1824 777 1858 quoquam,
800 1813 911 1856 quavis

163 1867 367 1910 auctoritate,
388 1869 527 1902 scienter
546 1868 595 1900 vel
616 1868 812 1911 ignoranter,
834 1876 911 1899 con-

163 1921 274 1966 tigerit
291 1922 453 1956 attentari.

178 1984 181 1988 ·
209 1975 225 2020 ἓ
247 1975 278 2010 6.
305 1975 376 2009 Non
406 1975 609 2009 obstantibus
635 1973 837 2018 apostolicis,
876 1983 912 2005 ac

145 2043 154 2047 ·
166 2029 199 2063 in
218 2029 471 2074 provincialibus
490 2035 521 2062 et
540 2027 749 2073 synodalibus
767 2026 914 2060 conciliis

167 2083 271 2124 editis,
293 2083 498 2126 generalibus
512 2084 560 2116 vel
581 2081 785 2126 specialibus,
800 2080 916 2113 eonsti-

167 2135 347 2170 tutionibus
366 2142 398 2169 et
417 2135 689 2174 ordinationibus,
706 2145 743 2167 ac
763 2133 915 2166 ecclesia-

167 2199 258 2230 rum,
278 2189 549 2223 monasteriorum
578 2194 609 2221 et
641 2188 788 2220 locorum
822 2196 916 2230 prae-

168 2242 343 2283 dictorum,
365 2243 560 2282 iuramento,
575 2240 821 2275 confirmatione
841 2250 918 2283 apo—

168 2295 283 2329 stolica
302 2295 351 2328 vel
369 2295 480 2341 quavis
499 2294 649 2327 firmitate
663 2293 725 2326 alia
745 2292 916 2331 roboratis,

167 2348 294 2382 statutis
303 2353 334 2382 et
343 2348 646 2388 consuetudinibus,
657 2346 836 2389 ceterisque
845 2355 919 2379 con-

170 2396 278 2430 trariis
297 2397 566 2440 quibuscumque.

212 2445 329 2479 Datum
348 2446 468 2479 Romae
488 2445 573 2488 apud
593 2446 747 2478 Sanctum
773 2445 917 2484 Petrum,

170 2494 231 2528 sub
277 2496 398 2528 annulo
442 2494 612 2527 piscatoris
625 2522 632 2535 ,
899 2493 917 2499 ''

679 2494 730 2527 die
767 2504 805 2527 xv
844 2505 918 2527 man

169 2551 352 2583 Manxxvn,
375 2542 581 2587 pontificatus
600 2543 700 2575 nostri
714 2553 798 2576 anno
810 2543 916 2576 tertio.

223 2595 285 2626 Dat.
301 2596 347 2636 die
370 2597 403 2626 ta
419 2597 488 2626 ninii
512 2596 594 2635 1587,
607 2596 711 2636 pontit'.
730 2606 807 2627 anno
827 2605 868 2627 ιιι.

810 211 914 236 sist
937 210 953 234 ν’
970 209 1020 235 Pr.

1581 197 1646 233 855
1705 206 1755 234 An.
1773 206 1800 233 c.
1820 205 1885 234 1587

1234 262 1401 296 Lxxxvn.

944 351 1113 384 Imlnllum
1138 357 1173 383 ut
1199 352 1439 384 conmm‘ssarins
1462 351 1622 393 aenei-alis
1641 361 1690 383 or-

987 404 1074 437 dini-s
1093 406 1236 446 fratrum
1260 405 1423 437 Minoi-um
1452 405 1489 436 (Ie
1514 404 1690 437 Observan-

989 458 1035 490 ιίιι
1061 468 1146 490 nunc
1178 462 1205 489 el
1233 468 1292 500 pro
1325 462 1463 501 tempore
1495 458 1634 489 existens
1655 458 1690 489 in

986 511 1133 555 partibus
1155 510 1326 543 ludim-unz
1349 511 1463 543 halmal
1494 521 1595 543 vocem
1612 512 1690 543 ιιι-Ιί-

986 574 1060 596 vam
1097 567 1125 596 el
1155 564 1320 606 passivam
1351 565 1384 595 in
1417 563 1558 608 capitulo
1595 573 1689 606 yene-

986 617 1052 650 rati
1070 615 1097 649 ¹.

987 719 1084 747 stxtus
1093 719 1163 755 Papa
1169 719 1200 755 V,
1210 720 1243 748 ad
1252 721 1411 756 perpetuam
1426 719 1467 748 rei
1478 720 1645 749 memoriam.

986 808 1001 851 ξ
1025 809 1056 841 1.
1083 808 1163 842 Cum
1185 809 1223 841 ad
1244 809 1399 852 regendos
1421 809 1533 842 fratres
1553 810 1689 842 Minores
1731 841 1809 860 mum
1835 841 1885 862 dm-

943 861 982 894 de
1005 861 1211 895 Observantia
1237 862 1388 904 degentes
1416 863 1447 895 in
1474 863 1618 905 partibus
1638 864 1687 895 ln-
1705 872 1724 892 di
1739 872 1853 898 priuiegu.

943 915 1081 955 diarum,
1098 915 1161 948 sive
1183 915 1281 947 totius
1300 916 1372 948 novi
1394 916 1502 953 orbis,
1533 916 1687 949 carissimi

944 969 974 1000 in
995 969 1120 1002 Cliristo
1140 969 1198 1001 filii
1225 969 1324 1001 nostri
1351 969 1490 1013 Philippi
1526 970 1691 1013 Hispania-

945 1032 1017 1054 rum
1046 1022 1130 1064 regis
1183 1022 1335 1055 catholici
1379 1023 1492 1055 ditioni
1531 1023 1690 1056 sunio-ia-

946 1085 1029 1115 rum,
1053 1082 1182 1119 praeter
1201 1076 1282 1109 duos
1293 1076 1529 1109 commissarios
1551 1083 1579 1109 ct
1600 1078 1692 1110 mini-

944 1134 1026 1161 stros
1059 1129 1270 1171 provinciales
1290 1134 1322 1162 et
1348 1129 1428 1161 duos
1449 1130 1610 1169 custodes,
1636 1132 1690 1174 qni

946 1182 1078 1215 totidem
1095 1182 1267 1225 provinciis
1288 1182 1416 1215 illarum
1438 1183 1576 1226 partium
1602 1195 1693 1227 prae-

945 1241 1027 1275 sunt,
1049 1236 1144 1269 etiam
1165 1246 1250 1268 unus
1270 1236 1509 1269 commissarius
1535 1238 1694 1277 generalis

945 1289 1098 1332 depurari
1119 1290 1230 1329 soleat,
1246 1290 1424 1322 secundum
1436 1296 1552 1323 statuta
1569 1291 1598 1322 in
1618 1302 1693 1323 con-

945 1342 1132 1385 gregatione
1152 1343 1304 1376 Toletana
1325 1343 1481 1383 instituta,
1509 1344 1563 1386 qni
1584 1355 1695 1388 supre-

947 1407 1044 1436 mam,
1067 1396 1097 1428 in
1119 1407 1231 1429 omnes
1252 1407 1406 1440 personas
1426 1398 1591 1439 regulares
1616 1398 1693 1431 dicti

947 1450 1073 1483 Ordinis
1094 1450 1125 1482 in
1146 1450 1208 1482 illis
1229 1450 1414 1493 regionibus
1434 1456 1622 1494 potestatem
1637 1451 1694 1484 lia-

947 1503 1042 1543 beat;
1064 1515 1100 1536 ac
1122 1503 1195 1536 licet
1212 1503 1245 1536 in
1266 1503 1416 1547 capitulis
1436 1504 1640 1547 generalibus
1661 1516 1694 1537 e-

950 1557 1073 1589 iusdem
1093 1556 1230 1597 Ordinis,
1257 1567 1338 1600 quae
1359 1567 1418 1600 pro
1445 1563 1588 1602 tempore
1612 1559 1696 1591 cele-

948 1611 1095 1650 brantur,
1118 1609 1318 1653 praedictum
1335 1610 1591 1642 commissarium
1604 1622 1702 1653 gene<

948 1663 1049 1696 raleni
1076 1675 1135 1707 pro
1161 1669 1308 1707 tempore
1335 1663 1521 1696 existentem
1545 1664 1697 1697 interesse

949 1717 1070 1757 deceat,
1091 1728 1127 1749 ae
1148 1717 1217 1749 eius
1237 1717 1430 1759 praesentia,
1452 1727 1489 1749 ex
1510 1718 1646 1760 eoquod
1659 1717 1698 1750 de

950 1771 1046 1803 rebus
1064 1775 1094 1803 et.
1114 1770 1263 1813 negotiis,
1287 1770 1389 1812 deque
1410 1775 1492 1802 statu
1513 1770 1699 1811 etindigen-

951 1823 1000 1856 tiis
1021 1823 1121 1866 ipsius
1141 1822 1269 1855 Ordinis
1289 1823 1384 1866 plene
1405 1823 1579 1855 instructus
1599 1829 1630 1855 et
1650 1823 1699 1855 in-

952 1879 1107 1911 formatus
1139 1887 1207 1909 esse
1241 1876 1339 1914 solet,
1360 1875 1399 1909 sit
1422 1875 1596 1908 admodum
1634 1876 1702 1909 sru-

952 1935 1063 1963 ctuosa
1074 1935 1103 1963 et
1117 1930 1357 1973 quodammodo
1377 1929 1570 1967 necessaria;
1592 1940 1702 1962 vocem

955 1989 1061 2016 tamen
1079 1983 1213 2015 activam
1235 1988 1265 2015 et
1283 1982 1440 2026 passivam
1462 1982 1494 2014 in
1514 1981 1600 2015 dicto
1620 1982 1704 2026 capi-

956 2037 1023 2069 tulo
1044 2036 1200 2078 generali,
1224 2036 1310 2068 iuxta
1331 2035 1453 2068 litteras
1472 2035 1575 2068 felicis
1595 2045 1704 2069 recor-

954 2089 1092 2122 dationis
1112 2089 1225 2122 Leonis
1239 2089 1343 2131 Papae
1360 2088 1393 2128 X,
1406 2087 1505 2120 nostri
1518 2088 1706 2131 praedeces-

955 2142 1047 2181 soris,
1068 2148 1099 2175 et
1120 2144 1225 2174 l'orsan
1240 2142 1301 2174 alia
1320 2141 1419 2184 ipsius
1435 2141 1563 2174 Ordinis
1574 2146 1703 2182 statuta,

933 2153 1091 2403 nunninae
1125 2195 1253 2235 habeat,
1284 2205 1349 2227 non
1380 2194 1588 2227 mediocriter
1612 2204 1707 2238 expe-

959 2248 1038 2288 dire,
1056 2254 1086 2281 et
1102 2248 1217 2281 rationi
1234 2258 1413 2281 consonum
1430 2257 1498 2280 esse
1512 2246 1705 2287 iudicamus,

963 2307 1007 2341 ut,
1029 2302 1182 2345 quoniam
1209 2312 1247 2334 ex
1276 2300 1431 2333 ministris
1456 2299 1708 2344 provincialibus

960 2362 989 2387 et
1012 2354 1198 2387 custodibus
1217 2365 1313 2398 quam
1342 2355 1461 2397 plures,
1489 2354 1530 2386 ob
1563 2354 1708 2386 locorum

965 2408 1166 2441 intervallum
1185 2419 1220 2440 ac
1241 2407 1439 2447 distantiam,
1451 2406 1490 2439 ad
1502 2407 1642 2451 capitula
1655 2417 1709 2449 ge-

963 2461 1084 2495 neralia
1105 2462 1258 2494 accedere
1278 2471 1341 2493 non
1362 2465 1507 2504 possunt,
1524 2466 1554 2493 et,
1570 2460 1713 2503 plerum-

965 2526 1027 2558 que
1048 2525 1160 2547 eornm
1186 2513 1301 2556 aliquis
1321 2514 1420 2554 deest,
1438 2513 1550 2546 saltem
1562 2512 1712 2547 commis-

1006 2602 1013 2627 1
1033 2599 1073 2627 Ex
1090 2600 1200 2635 liegest.
1218 2599 1245 2627 in
1265 2599 1370 2627 Secret.
1387 2598 1529 2628 BrevIum.
