2059 3228
46 237 64 268 ’,
79 233 146 263 ¹579

761 238 936 265 flnEGomUS
954 239 1009 264 xm
1029 241 1076 265 PP-

163 292 256 328 etiam
277 290 531 336 praedecessoris
550 291 663 333 nostri,
681 291 831 327 adversus
851 304 904 327 eos

161 345 216 390 qui
235 345 320 379 circa
339 345 549 378 diffinitorum
573 346 763 380 electionem
783 347 903 390 practi-

162 409 226 439 cas,
243 409 300 442 per
319 408 351 431 sc
366 398 413 431 vel
427 399 518 439 alios,
535 399 655 433 directe
667 411 722 433 seu
734 400 901 439 indirecte,

161 462 365 496 quocumque
385 456 529 495 tempore
556 453 701 494 fecerint,
731 453 771 486 ab
795 453 902 486 aliisve

161 505 349 549 practicatos
360 515 415 537 seu
429 505 521 537 aliter
536 505 681 539 conscios
699 511 754 539 aut
770 517 903 550 quomo-

160 558 279 591 dolibet
299 558 426 590 illarum
449 558 593 591 notitiam
614 559 767 592 babentes
787 564 818 592 et
837 569 901 592 non

160 611 494 651 revelantesinssictae,
507 611 646 644 afficiant
663 619 727 650 eos,
745 612 812 655 qui,
826 618 902 645 tem-

160 675 236 709 pore
256 665 482 700 celebrationis
502 665 633 710 capituli
653 666 822 708 generalis,
842 665 900 697 im-

160 717 295 751 mediate
316 719 347 752 in
368 721 582 760 sermonibus,
604 730 686 762 quos
704 721 743 750 ad
764 718 900 751 invicem

158 782 230 805 cum
244 772 323 813 aliis,
336 774 374 806 dc
390 775 525 817 negotiis
537 774 569 807 in
586 774 640 806 illo
652 772 898 817 pertractandis,

158 825 304 859 conferre
324 827 503 869 contigerit,
526 837 589 859 non
607 826 745 858 ambitus
773 825 820 857 vel
841 825 899 858 ali-

158 878 250 912 cuius
269 879 400 912 alterius
415 880 580 923 improbae
593 878 777 912 intentionis
791 871 904 917 causa,

156 931 211 963 sed
232 936 267 964 ut
287 931 343 964 viri
367 932 406 964 ad
426 932 509 965 istud
526 932 736 965 diffinitorum
756 931 898 964 officium

156 984 326 1027 eligantur,
349 985 483 1018 consilio
503 991 533 1018 et
552 996 650 1029 opera
670 995 806 1028 quorum
824 995 900 1017 con-

155 1038 299 1080 gregatio
319 1038 387 1081 ipsa
406 1038 605 1071 confidenter
620 1038 740 1077 innixa,
755 1037 898 1070 divinum

156 1090 310 1123 auxilium
330 1091 363 1124 in
383 1091 521 1124 adversis
532 1102 673 1135 sperare,
696 1096 789 1134 atque
811 1097 898 1123 tran-

155 1143 320 1185 quillitatis
343 1149 487 1188 tempore
520 1145 552 1177 in
572 1155 629 1178 suo
659 1150 740 1177 statu
763 1144 899 1177 feliciter

155 1207 358 1240 perseverare
372 1197 481 1241 possit,
492 1198 651 1244 explicant
665 1197 800 1229 litterae!
817 1207 898 1240 quos

154 1249 286 1283 idoneos
313 1251 362 1283 vel
382 1250 611 1283 insufficientes
630 1251 669 1283 ad
695 1251 755 1283 tale
780 1261 898 1283 munus

153 1302 339 1336 obeundum
364 1314 432 1337 esse
452 1304 648 1337 existimant.

197 1355 261 1399 §4-
283 1357 356 1398 Nos,
379 1357 482 1390 zelum
503 1362 534 1390 et
544 1357 895 1397 studiumliuiusmodi,

44 1409 316 1458 ssm‘ssffltamquam
340 1411 429 1454 pium
461 1415 491 1443 et
521 1410 682 1443 laudabile
718 1411 896 1453 plurimum

152 1463 428 1504 commendantes,
451 1468 481 1496 et
511 1474 568 1507 pro
588 1470 697 1497 nostra
715 1475 789 1506 erga
809 1475 896 1496 eam-

151 1515 226 1548 dem
249 1516 530 1560 congregationem
555 1517 708 1560 illiusque
738 1517 896 1560 praelatos

152 1574 184 1601 et
200 1569 397 1612 professores
416 1570 583 1602 universos
602 1581 760 1614 propensa
787 1571 897 1603 volun-

151 1627 226 1663 tate,
255 1623 390 1656 honesto
424 1624 500 1657 huic
530 1624 701 1665 desiderio,
740 1630 895 1668 quantum

151 1682 226 1704 cum
245 1671 310 1705 Deo
332 1683 512 1716 possumuS,
534 1673 672 1716 benigne
702 1679 893 1713 annuentes,

151 1730 277 1753 necnon
297 1727 579 1764 praenarratarum
604 1722 694 1762 tulii,
717 1722 829 1755 Leonis
865 1728 893 1755 et

150 1767 322 1802 Clementis
346 1771 628 1814 praedecessorum
641 1770 833 1811 litterarum,
853 1771 896 1814 ip-

150 1827 338 1862 sorumque,
350 1824 412 1851 tam
424 1819 644 1862 antiquorum,
658 1820 752 1853 etiam
763 1820 897 1862 abroga-

150 1870 270 1907 torum,
288 1877 383 1909 quam
405 1877 509 1911 nuper
528 1868 573 1900 sie
593 1868 826 1908 ordinatorum,
850 1869 895 1901 in-

149 1920 339 1948 novatorum
359 1921 390 1948 et
414 1915 659 1950 immutatorum
690 1927 726 1950 ac
757 1917 894 1950 aliorum

149 1964 401 2006 praemissorum
431 1970 677 2009 ceterorumque
697 1966 736 1999 de
756 1967 895 2000 necessi-

151 2015 213 2044 tate
223 2012 324 2055 magis
339 2012 447 2046 forsan
458 2014 740 2058 exprimendorum
755 2020 894 2056 tenores,

151 2059 276 2101 modos,
298 2062 428 2103 formas,
446 2073 568 2102 causas,
583 2063 752 2106 qualitates
769 2070 799 2097 et
811 2075 897 2097 com-

151 2109 268 2152 pendia
286 2110 420 2151 veriora,
441 2122 478 2144 ac
497 2111 522 2144 si
538 2112 575 2144 de
595 2112 690 2144 verbo
710 2113 748 2144 ad
764 2114 895 2146 verbum

151 2157 383 2198 insererentur,
423 2171 479 2203 pro
508 2161 602 2203 plene
635 2165 666 2193 et
702 2161 897 2195 sufficienter

152 2206 310 2248 expressis
319 2205 484 2248 habentes,
501 2208 753 2250 constitutiones
767 2210 896 2243 ordina-

152 2253 256 2286 tiones
276 2258 306 2286 et
338 2260 452 2288 statuta
476 2267 714 2300 quaecumque,
737 2263 771 2290 ut
803 2270 896 2301 prae-

153 2301 265 2342 fertur,
292 2313 349 2335 seu
372 2303 450 2336 alias
470 2305 713 2347 quomodolibet
733 2306 828 2347 edita,
852 2307 898 2340 in-

154 2357 278 2391 novata,
314 2353 493 2393 emendata,
521 2354 640 2394 addita,
673 2355 837 2388 immutata
869 2362 899 2389 et

154 2400 339 2439 reformata,
371 2411 445 2433 cum
466 2402 615 2435 omnibus
635 2403 802 2446 quibusvis
824 2404 898 2437 inde

154 2458 213 2492 pro
241 2453 384 2492 tempore
411 2450 539 2490 secutis,
565 2451 740 2493 apostolica
759 2452 898 2484 auctori-

156 2503 228 2537 tate,
252 2503 364 2531 tenore
381 2499 610 2541 praesentium,
633 2510 670 2531 ex
690 2504 775 2532 certa
795 2500 898 2532 scien-

155 2544 211 2586 tia,
232 2546 461 2580 confirmamus
471 2547 750 2590 etapprobamus3
772 2548 898 2591 illisque

193 2617 204 2644 1
222 2616 354 2652 Legimus
375 2618 455 2645 littere
469 2617 509 2652 (a.
526 2618 573 2651 r).

1579 231 1635 266 261

945 298 1119 335 perpetuae
1139 299 1169 327 ct
1198 294 1388 328 inviolabilis
1408 294 1566 328 sirnutatis
1586 295 1683 327 robur

944 345 1133 387 adiicimus;
1161 348 1346 390 supplentes
1366 359 1478 382 omncs
1504 348 1687 391 etsingulos

944 404 1007 431 tam
1029 399 1107 432 iuris
1131 404 1161 432 et
1175 401 1245 433 facti
1267 412 1303 434 ac
1323 402 1513 435 omissarum
1534 402 1686 435 solemni-

944 457 1045 484 tatum
1073 454 1268 495 quaialnivis,
1292 455 1386 487 etiam
1420 455 1687 494 substantialium,

944 504 1097 545 desectus,
1119 506 1174 549 qui
1196 506 1227 538 in
1248 507 1368 539 eisdem
1384 507 1627 551 quomodolibet
1642 508 1687 540 in-

944 558 1151 599 tervenerint;
1174 559 1292 602 illaque
1306 559 1405 591 valida
1421 565 1451 592 ct
1468 560 1608 593 efficacia
1620 561 1686 593 sore

943 620 979 642 ac
999 621 1066 644 esse
1091 615 1121 645 et
1145 622 1219 644 suos
1244 612 1402 655 plenarios
1426 613 1557 645 effectus
1582 612 1686 646 sortiri

942 663 1081 703 ‹leberc;
1103 674 1231 697 necnon
1256 675 1368 698 omnes
1388 671 1416 697 et
1437 665 1590 708 singulos,
1606 676 1687 708 quos

943 721 1152 756 concernunt,
1161 717 1200 750 ad
1212 717 1340 749 illorum
1352 717 1602 751 observationem
1612 729 1686 762 per-

943 774 1038 811 petuo
1060 770 1159 802 teneri
1176 770 1392 803 decernimus.

985 822 998 864 g
1023 822 1054 855 5.
1077 823 1122 855 Ad
1136 823 1304 855 servandas
1324 834 1397 857 vero
1411 824 1570 857 dictorum
1591 825 1688 858 abba-

943 880 1009 906 tum
1035 881 1065 908 et
1090 876 1324 909 monachorum
1351 877 1571 918 conscientias,
1597 885 1627 911 et
1646 880 1685 912 ab

941 927 986 960 cis
1018 939 1054 961 ac
1085 928 1156 961 aliis
1175 929 1372 972 quibuslibet
1405 940 1532 963 omnem
1555 943 1686 974 prorsus

940 981 1158 1024 ambiguitatis
1205 983 1395 1025 scrupulum
1441 986 1683 1026 removendum,

940 1035 1027 1076 quod
1045 1035 1086 1067 ob
1102 1045 1278 1075 sermones,
1291 1036 1347 1078 qui
1360 1035 1503 1076 insimul,
1514 1039 1686 1071 nonambi-

941 1093 990 1120 tus
1009 1089 1056 1121 vel
1087 1088 1219 1122 alterius
1244 1089 1421 1133 improbae,
1442 1090 1496 1122 sed
1516 1090 1618 1123 bonae
1636 1092 1683 1124 in-

940 1141 1090 1174 tentionis
1111 1153 1219 1181 causa,
1243 1142 1282 1175 de
1302 1142 1472 1175 idoneitate
1493 1144 1540 1176 vel
1562 1144 1683 1177 insuffi-

940 1195 1055 1228 cientia
1074 1195 1112 1228 ad
1132 1195 1342 1228 diffinitorum
1363 1196 1502 1229 officium
1520 1198 1684 1240 eligendo-

940 1259 1010 1280 rum
1038 1248 1148 1288 habiti,
1177 1253 1212 1281 ut
1240 1248 1430 1291 praefertur,
1456 1249 1597 1290 suerunt,
1628 1262 1683 1284 seu

938 1311 1020 1343 quos
1041 1301 1073 1333 in
1094 1301 1238 1333 futurum
1251 1301 1362 1334 haberi
1384 1301 1557 1345 continget,
1575 1313 1685 1347 supra-

938 1354 1039 1387 dictas
1057 1354 1217 1397 aliquasve
1237 1355 1314 1387 alias
1329 1354 1511 1394 sententias,
1532 1366 1683 1390 censuras

938 1413 967 1441 et
987 1418 1106 1451 poenas
1133 1418 1198 1440 non
1219 1407 1415 1440 incurrerint
1434 1413 1489 1440 aut
1514 1408 1683 1442 incurrant

937 1462 1151 1494 declaramus.

980 1515 995 1557 ἓ
1024 1514 1054 1547 6.
1088 1514 1157 1548 Non
1189 1514 1390 1547 obstantibus
1429 1515 1613 1557 praemissis
1645 1527 1681 1549 ac

937 1567 1007 1601 aliis
1024 1567 1199 1611 quibusvis,
1222 1567 1317 1600 etiam
1343 1568 1538 1611 apostolicis,
1562 1570 1681 1601 consti-

937 1621 1115 1654 tutionibus
1140 1626 1170 1654 et
1189 1621 1458 1661 ordinationibus3
1477 1632 1603 1655 necnon
1623 1622 1680 1655 Or-

937 1675 1019 1708 dInis
1039 1680 1070 1708 et
1089 1675 1346 1718 congregationis
1360 1675 1600 1718 praedictorum
1621 1681 1683 1708 sta-

936 1729 1024 1769 tutis,
1050 1729 1174 1769 usibus,
1193 1729 1314 1761 naturis
1335 1734 1365 1761 et
1380 1728 1679 1767 consuetudinibus,

937 1782 1034 1814 etiam
1054 1782 1250 1818 iuramento,
1275 1781 1520 1814 confirmatione
1554 1786 1682 1824 aposto-

937 1835 997 1868 lica
1021 1836 1069 1868 vel
1102 1835 1210 1878 quavis
1241 1835 1393 1867 firmitate
1423 1834 1484 1866 alia
1510 1834 1680 1873 roboratis;

937 1888 1111 1932 privilegiis
1140 1898 1280 1931 quoque,
1305 1887 1436 1919 indultis
1456 1897 1492 1919 ac
1512 1886 1626 1919 litteris
1647 1897 1681 1918 a-

936 1942 1109 1986 postoliciS,
1133 1941 1227 1974 etiam
1262 1941 1545 1984 [u'aedeccssorum
1568 1939 1681 1972 lulius-

938 1996 1036 2035 modi,
1055 1997 1085 2028 in
1111 1995 1307 2028 contrarium
1346 1992 1601 2036 quomodolibet,
1622 1992 1680 2024 sub

936 2049 1101 2092 quibusvis
1120 2048 1291 2081 verborum
1305 2046 1425 2086 formis,
1445 2046 1541 2078 ctiam
1559 2044 1681 2078 iteratis

936 2102 1071 2141 vicibus,
1094 2101 1263 2137 concessis,
1292 2098 1475 2143 approbatis
1499 2103 1527 2130 et
1546 2098 1679 2131 innova—

937 2156 991 2194 tis·,
1014 2155 1133 2199 quibus
1152 2154 1303 2187 omnibus
1328 2158 1357 2185 et
1382 2151 1526 2193 singulis,
1549 2151 1680 2183 illorum

937 2214 1064 2241 tenores
1084 2218 1142 2251 pro
1158 2208 1251 2250 plene
1266 2211 1295 2238 et
1316 2204 1509 2237 sufficienter
1524 2203 1681 2247 expressis

937 2262 1101 2302 habentes,
1118 2260 1270 2292 latissime
1294 2258 1496 2299 derogamus,
1519 2261 1549 2289 et
1565 2256 1681 2290 ceteris

938 2314 1106 2348 contrariis
1126 2313 1396 2356 quibuscumque.

980 2370 1093 2401 Datum
1127 2367 1245 2399 Romae
1270 2364 1356 2407 apud
1387 2363 1418 2396 S.
1455 2363 1598 2401 Petrum,
1621 2368 1680 2395 sut»

938 2422 1057 2455 annulo
1077 2419 1257 2458 piscatoris,
1270 2418 1321 2450 die
1341 2416 1675 2459 x111aprilisttmtxx1X,

939 2474 1143 2519 pontificatus
1163 2471 1261 2504 nostri
1287 2480 1371 2503 anno
1391 2479 1443 2502 vn.

978 2532 1040 2563 Dat.
1055 2531 1100 2561 die
1112 2530 1148 2560 113
1160 2529 1263 2567 aprilis
1279 2527 1367 2563 1579,
1379 2526 1480 2565 pontis.
1497 2535 1572 2555 anno
1589 2533 1637 2553 viz.

1198 2609 1381 2619 ’.ῳ-..-

1692 226 1742 252 An.
1760 224 1788 251 C.
1813 223 1879 251 1³79

1692 832 1820 853 Decimam>
1835 837 1887 852 cen-

1692 865 1801 881 surfflussl-

1760 1517 1876 1539 Dei-omnio

1692 1545 1856 1565 comi-ntorum.
