2059 3228
62 62 70 75 Ι

32 276 51 301 ι.’
73 269 104 300 0.
121 269 190 299 1578

227 333 242 376 fi
267 333 316 366 15.
341 334 505 377 Postquam
532 345 603 367 vero
629 334 658 367 in
684 335 812 377 collegio
838 345 921 368 rece—

184 386 229 430 pti
245 386 369 427 suerint,
388 398 449 419 non
462 388 565 419 statini
584 388 703 429 collegii
718 388 834 420 alumni
850 398 920 419 cen-

30 423 174 497 iifnxe’kffiii
183 444 318 480 scantur,
333 440 385 472 sed
403 451 458 483 per
474 447 610 483 quatuor
627 447 680 473 aut
704 452 754 473 sex
785 451 917 479 menses,

49 483 71 502 n·
165 485 174 491 .

37 491 249 548 mssssms'ss'fflplus
283 493 328 525 vel
363 493 474 533 minus,
510 499 603 536 prout
637 493 855 536 superioribus
887 498 916 525 et

29 543 35 554 ‚

41 544 299 585 mantunae-collegii
330 546 579 580 moderatoribus
603 548 703 579 visum
727 546 838 585 fuerit,
863 555 917 577 eo-

34 581 172 652 ιῗέηἶῖῗιῖιηῗῖἶ
181 607 251 629 rum
274 599 467 631 conversatio
491 602 650 643 probetur;
676 600 798 639 deinde,
812 598 836 630 si
854 598 918 630 col-

29 634 41 652 *
53 632 120 657 ‘⁰¹¹⁰‘
139 646 145 654 ‘
179 649 259 692 legio
276 649 364 692 digni
383 652 581 690 videbuntur.
598 654 812 686 iuramentum
825 662 914 694 prae-

180 707 260 735 stent
285 713 316 735 se
335 704 427 736 vitam
444 706 681 739 ecclesiasticam
699 704 917 748 pcrducturos,

180 766 272 799 seque
296 758 381 790 omni
407 763 545 802 tempore
570 759 608 791 ad
633 758 751 790 iussum
776 756 916 799 superio-

179 817 250 840 rum
275 808 306 840 iu
330 810 465 852 patriam
487 811 718 850 revertendum,
736 815 766 842 et
790 810 829 841 ad
847 809 913 841 ani-

177 869 245 892 mas
268 866 419 904 quantum
443 862 476 894 in
499 863 630 895 Domino
654 861 814 905 potuerint
828 861 916 894 adiu-

176 913 293 946 vandas
316 919 441 957 paratos
465 915 540 948 sore.

219 966 234 1008 ἓ
258 966 298 999 ’16
332 966 473 1000 Ceterum
495 967 608 1000 rectori
634 968 813 1011 presbytero
837 966 913 999 dicti

29 1036 105 1058 mu„
126 1019 295 1061 ‚b.collegii
321 1029 377 1062 pro
401 1025 542 1063 tempore
565 1020 717 1060 existenti,
743 1025 774 1052 ut
800 1030 856 1062 per
881 1029 913 1051 se

36 1063 167 1114 fflisslssffil
176 1072 221 1104 vel
244 1072 467 1105 confessarium
484 1073 642 1112 idoneum,
669 1083 762 1115 quem
787 1070 912 1103 duxerit

28 1115 369 1166 ”ssfflssvffigeligendunh
394 1125 533 1167 singulos
557 1126 701 1157 alumnos
736 1124 914 1167 praedictos

35 1167 192 1221 'fflssfiffi‘ga
216 1177 377 1220 quibusvis
412 1177 760 1217 excommunicationis,
786 1186 915 1219 suspen-

175 1228 280 1267 sionis,
304 1229 466 1262 interdicti
491 1230 622 1272 aliisque
647 1229 818 1269 sententiis,
843 1238 914 1260 cen-

175 1281 256 1315 suris
280 1288 310 1315 et
334 1282 442 1326 poenis
470 1283 703 1322 ecclesiasticis,
729 1281 838 1324 quavis
863 1292 916 1314 oc-

174 1335 301 1369 casione
344 1336 389 1368 vel
427 1346 520 1368 causa
554 1336 632 1375 latis,
663 1347 740 1379 quas
776 1336 834 1379 ipsi
859 1346 916 1379 pro

174 1393 315 1431 tempore
346 1388 580 1431 quomodolibet
615 1389 817 1429 incurrerint,
843 1394 873 1422 et
898 1400 914 1422 a

174 1441 337 1486 quibusvis
360 1442 504 1485 peccatis,
530 1442 705 1475 excessibus
729 1447 758 1474 et
783 1442 913 1482 delictis,

173 1500 463 1539 quantumcumque
487 1496 635 1538 gravibus
666 1501 696 1528 ct
720 1495 913 1535 enormibus,

172 1549 267 1583 eiiam
290 1549 324 1581 in
349 1549 473 1581 casibus
494 1549 525 1580 in
540 1548 650 1581 litteris
663 1548 713 1581 die
726 1548 844 1581 Coenae
857 1548 913 1579 Do—

172 1601 252 1634 mini
279 1602 339 1644 {egi
364 1602 462 1634 solitis
486 1601 640 1634 contentis
657 1601 913 1645 (conspirationis

170 1654 205 1686 in
228 1664 396 1697 personam
420 1655 466 1686 vel
490 1654 610 1686 Statum
635 1655 766 1687 ltomani
786 1655 913 1687 Pontiti-

170 1707 224 1748 cis,
238 1707 380 1740 salsitatis
396 1708 625 1750 scripturarum
642 1713 671 1740 et
685 1707 861 1740 litterarum
881 1718 912 1740 a·

168 1760 403 1804 postolicarum,
420 1760 585 1793 delationis
602 1771 763 1793 armorum
778 1762 823 1793 vel
837 1762 912 1793 alio-

168 1824 238 1846 rum
264 1813 499 1857 prohibitorum
535 1814 573 1846 ad
597 1819 702 1857 partes
725 1814 910 1855 infidelium,

167 1866 347 1900 iniectionis
371 1877 522 1900 manuum
541 1856 747 1900 violentarum
764 1868 795 1899 in
821 1878 911 1910 prae-

167 1919 245 1952 latos
280 1920 441 1953 dumtaxat
474 1920 633 1963 exceptis),
670 1917 837 1962 absolvere,
876 1933 910 1954 ac

167 1983 226 2016 pro
264 1973 438 2006 commissis
476 1973 704 2016 poenitentiam
740 1975 908 2007 salutarem

167 2025 343 2069 iniungere3
368 2027 556 2070 eosdemque
593 2037 687 2070 super
723 2027 908 2070 irregulari-

167 2083 230 2112 tate
253 2079 292 2111 ab
315 2079 618 2122 eisquomodotibet
644 2086 805 2113 contracta
832 2082 908 2125 (ho-

166 2131 286 2164 micidii
311 2132 489 2172 voluntarii,
514 2132 671 2175 bigamiae
706 2139 737 2166 et
769 2135 909 2168 haeresis

164 2185 289 2217 casibus
313 2185 472 2218 dumtaxat
497 2185 646 2228 exceptis)
664 2186 845 2229 dispensare
870 2187 907 2219 li-

163 2238 238 2271 bere
262 2242 292 2271 et
325 2238 407 2271 licite
431 2239 540 2278 valeat,
566 2238 698 2271 liberam
735 2239 905 2273 tribuimus

164 2292 351 2325 facultatem.

205 2346 223 2384 5
238 2345 290 2378 17.
308 2345 514 2377 Decernentes
529 2345 690 2385 praedicta
711 2348 817 2380 omnia
835 2359 906 2391 per-

143 2405 256 2443 .petuo
281 2400 460 2438 subsistere,
485 2398 591 2442 sicque
615 2400 649 2433 in
672 2401 732 2434 illis
748 2402 905 2435 universis

162 2458 191 2486 et
216 2453 347 2496 singulis
371 2463 427 2495 per
450 2463 666 2498 quoscumque
683 2454 801 2487 iudices
818 2456 902 2488 ordi-

162 2507 268 2540 narios
291 2512 322 2540 et
346 2508 511 2549 delegatos,
536 2508 631 2540 etiam
656 2519 821 2541 causarum
847 2509 903 2541 Pa-

162 2561 228 2593 latii
253 2560 418 2604 Apostolici
443 2560 602 2592 auditores
620 2571 655 2592 ac
680 2561 709 2593 S.
727 2560 761 2593 R.
779 2561 810 2593 E.
836 2572 902 2593 car-

163 2614 290 2655 dinales,
313 2614 346 2646 in
364 2613 472 2657 quavis
495 2624 588 2646 eausa
605 2617 633 2645 ct
651 2612 812 2654 instantia,
830 2614 903 2647 sub-

162 2667 223 2700 lata
247 2668 291 2700 cis
316 2673 344 2701 ct
380 2678 489 2701 corum
520 2666 646 2700 cuilibet
670 2668 778 2710 quavis
813 2669 902 2702 aliter

811 281 987 307 GnEGomUs
1004 282 1058 306 xm
1078 284 1126 307 1³1³.

1587 272 1650 305 ⁶213
1705 273 1758 301 An.
1778 275 1806 302 c.
1826 275 1894 301 1678

950 334 1107 367 iudicandi
1132 339 1159 367 ct
1179 335 1403 379 interpretandi
1423 336 1566 369 facultate
1586 339 1615 368 et
1638 344 1693 367 au·

949 387 1102 427 ctoritate,
1127 388 1242 430 ubique
1268 389 1397 421 indicari
1429 394 1459 421 ct
1484 388 1606 421 deliniri
1632 388 1685 420 de-

950 439 1031 477 bcre;
1057 450 1179 472 necnon
1216 441 1338 473 irritum
1364 448 1392 474 et
1419 442 1510 474 inane
1535 440 1685 484 quicquid

948 501 1034 523 secus
1058 503 1152 534 super
1177 493 1223 523 tiis
1248 504 1301 535 per
1326 506 1548 537 ‹pioscunique,
1573 493 1682 536 quavis

947 544 1141 584 auctoritate,
1167 545 1298 577 scienter
1324 548 1366 578 rel
1395 547 1585 588 ignoranter,
1611 556 1684 578 con-

948 595 1052 638 tigerit
1075 597 1233 629 attentari.

989 649 1003 691 ἓ
1027 648 1079 681 18.
1103 649 1169 682 Non
1193 649 1389 682 obstantibus
1420 652 1534 684 nostris
1558 652 1595 684 de
1621 650 1835 701 110ssmgss'ssgfflg’?
1846 652 1884 671 ‘¹0-

946 702 1080 734 tollendo
1104 702 1172 734 iure
1196 703 1345 745 quaesito,
1370 708 1398 736 et
1423 705 1460 736 de
1484 715 1555 736 vero
1579 705 1684 737 valore

946 753 1104 786 fructuum
1127 755 1339 798 exprimendo,
1357 768 1392 788 nc
1409 758 1445 789 de
1463 759 1682 791 commissione

946 805 977 838 in
1003 807 1182 840 huiusmodi
1206 808 1377 841 unionibus
1405 808 1554 851 facienda,
1578 816 1608 842 et
1635 821 1684 842 vo-

945 859 1053 891 candis
1077 871 1212 903 quorum
1248 863 1387 901 interest,
1414 873 1534 895 necnon
1558 864 1680 895 Latera-

945 912 1048 944 nensis
1072 913 1194 946 concilii
1226 915 1386 947 novissimi
1411 916 1568 955 celebrati,
1594 916 1681 948 unio-

945 975 999 997 nes
1022 971 1198 1008 perpetuas,
1224 967 1283 999 nisi
1310 968 1340 1000 in
1357 968 1480 1000 casibus
1497 980 1514 1000 a
1531 968 1598 1000 iure
1615 978 1683 1011 per-

945 1018 1056 1059 missis,
1082 1019 1149 1051 tieri
1173 1020 1379 1062 prohibentis,
1404 1021 1535 1064 aliisque
1560 1027 1683 1063 aposto-

945 1070 1011 1102 licis
1035 1077 1142 1111 const.;
1159 1083 1195 1105 ac
1212 1073 1374 1116 hospitalis
1387 1074 1480 1107 Urbis
1496 1080 1526 1107 et
1539 1074 1684 1107 Gamerae

945 1123 1188 1166 praedictorum,
1223 1126 1416 1167 iuramento,
1442 1127 1682 1161 confirmatione

946 1178 1113 1219 apostolica
1138 1179 1182 1211 vel
1207 1179 1315 1221 quavis
1340 1179 1487 1213 tirmitate
1504 1181 1565 1213 alia
1590 1182 1680 1214 robo-

946 1230 1031 1269 ratis,
1057 1231 1190 1271 statutis,
1207 1233 1496 1273 consuetudinibus;
1515 1234 1685 1277 privilegiis

946 1294 1080 1326 quoque,
1096 1284 1223 1317 indultis
1239 1290 1269 1317 et
1293 1285 1405 1318 litteris
1422 1286 1610 1330 apostolicis,
1628 1287 1687 1320 illis

945 1341 972 1369 et
998 1336 1115 1370 eisdem
1147 1338 1295 1379 senatori,
1317 1339 1508 1379 consulibus,
1533 1340 1686 1373 reforma-

945 1389 1075 1429 toribus,
1089 1390 1517 1433 Camerae‚Universitatibus,
1528 1404 1564 1426 ac
1576 1405 1685 1427 eorum

944 1443 1091 1485 collegiis,
1115 1445 1291 1477 rectoribus
1318 1450 1345 1478 et
1376 1447 1520 1489 personis
1552 1447 1685 1490 aliisque

944 1497 1121 1540 praedictis⁷
1147 1508 1269 1531 necnon
1294 1500 1409 1541 populo
1433 1500 1574 1532 Romano
1591 1500 1685 1532 vecti-

943 1550 1075 1593 galibus,
1100 1551 1353 1594 redemptoribus
1377 1557 1407 1585 et.
1431 1552 1509 1592 aliis,
1535 1553 1593 1585 sub
1617 1552 1686 1595 qui-

943 1603 1136 1646 buscumque
1160 1604 1322 1637 tenoribus
1345 1610 1375 1638 et
1410 1605 1528 1647 formis,
1553 1617 1588 1638 ac
1612 1618 1683 1638 cum

942 1655 1103 1697 quibusvis
1127 1656 1272 1690 clausulis
1296 1662 1326 1689 et
1350 1658 1493 1697 decretis,
1510 1660 1603 1691 etiam
1628 1660 1683 1692 ite-

944 1708 1018 1740 ratis
1042 1708 1173 1749 vicibus,
1198 1714 1249 1741 aut
1276 1710 1370 1743 etiam
1402 1711 1435 1743 in
1467 1712 1603 1744 savorem
1628 1713 1683 1745 ho-

942 1762 1100 1805 spitalium
1125 1763 1290 1803 concessis,
1323 1764 1505 1807 approbatis
1537 1770 1564 1796 et
1592 1767 1681 1797 inno-

942 1814 1029 1855 vatis,
1053 1814 1168 1857 quibus
1205 1816 1361 1856 omnibus,
1398 1817 1522 1849 illorum
1558 1823 1681 1850 tenores

941 1868 1157 1910 praesentibus
1195 1879 1254 1912 pro
1300 1870 1490 1903 sut‘licienter
1528 1871 1680 1914 expressis

942 1920 1100 1961 babentes,
1125 1921 1184 1953 illis
1208 1922 1284 1955 alias
1307 1922 1340 1955 in
1376 1934 1432 1956 suo
1467 1924 1579 1957 robore
1608 1936 1677 1968 per-

940 1974 1104 2015 mansuris,
1129 1975 1187 2007 hac
1210 1975 1276 2008 vice
1300 1976 1470 2017 dumtaxat,
1502 1977 1679 2020 specialiter

939 2032 968 2059 et
991 2037 1134 2069 expresse
1152 2027 1350 2070 derogamus,
1364 2029 1537 2072 ceterisque
1554 2036 1678 2063 contra-

938 2078 993 2111 riis
1017 2079 1278 2123 quibuscun’ique.

981 2135 995 2178 ἓ
1021 2135 1067 2167 te.
1092 2134 1131 2167 Ut
1155 2145 1227 2167 vero
1253 2136 1477 2179 temporalibus
1502 2135 1676 2169 commodis
1730 2147 1882 2181 unigena?-

937 2187 1111 2230 spiritualia
1136 2199 1261 2231 quoque
1285 2200 1414 2221 munera
1435 2179 1885 2233 «emungamus,ifflscssssffiiffiiff,

937 2240 1051 2283 quibus
1064 2240 1201 2273 fidelium
1216 2242 1337 2273 devotio
1351 2241 1395 2273 eis
1409 2240 1528 2274 mnnita
1538 2253 1677 2275 crescere
1690 2229 1812 2285 fxiiii-iffi?
1836 2232 1886 2274 eoi-²

938 2295 1036 2337 inagis
1060 2301 1090 2328 et
1115 2296 1222 2337 augeri
1256 2295 1363 2337 possit,
1390 2295 1427 2327 dc
1451 2280 1753 2339 omnipotentislegn'

936 2349 988 2381 Dei
1024 2347 1251 2387 misericordia,
1277 2358 1312 2379 ac:
1348 2348 1510 2379 beatorum
1541 2348 1622 2380 Petri
1647 2354 1677 2381 et

936 2402 1020 2435 Pauli
1038 2403 1248 2446 apostolorum
1268 2400 1453 2433 auctoritate
1470 2401 1591 2441 contisi,
1608 2411 1676 2433 om-

935 2455 1029 2488 nibus
1052 2454 1256 2493 scholasticis,
1270 2454 1444 2486 rectoribus
1462 2460 1492 2487 et
1509 2454 1671 2496 ministris,

934 2509 987 2552 qui
1019 2509 1049 2541 in
1081 2508 1139 2540 hoc
1173 2508 1303 2549 collegio
1339 2507 1453 2551 recepti
1487 2508 1612 2548 suerint,
1638 2508 1671 2540 in

934 2564 999 2607 ipso
1028 2563 1182 2605 ingressu,
1208 2572 1243 2593 ac
1271 2561 1365 2593 etiam
1396 2571 1473 2603 quos
1503 2561 1535 2593 in
1563 2561 1673 2594 eodem

932 2615 1061 2658 collegio
1085 2614 1233 2647 decedere
1258 2613 1296 2646 ab
1321 2613 1468 2647 humanis
1492 2614 1670 2657 contigerit,

932 2669 954 2702 si
974 2668 1168 2713 poenitentes
1185 2671 1213 2700 et
1232 2667 1363 2700 confessi
1380 2678 1451 2701 vere
1468 2667 1527 2710 ipsi
1545 2668 1670 2708 suerint,
