2059 3228
42 0 197 169 Ε,

44 184 102 269 Q
107 205 222 236 01586

4 407 118 487 Ji

52 941 87 1009 ἐξ»
58 823 83 901 μς»
57 781 65 790 ·

59 1074 74 1096 'h'
59 1033 74 1060 zv

55 1162 65 1182 ,c

69 1159 79 1186 n

60 1457 67 1477 ,-

71 1463 78 1479 υ

54 1292 87 1462 ’ᾺΝῚ
57 1263 83 1286 3‘
56 1183 78 1246 ’ἔνι’
67 1148 70 1155 «

56 1489 86 1559 ,ιι-ἀμ’

63 2365 140 2393 &lun
157 2367 234 2390 Valen—

57 2397 112 2429 ῑΙμι
138 2397 233 2421 Pamin.

57 2430 236 2485 &miz

58 2487 103 2511 dun
128 2491 150 2512 ίιι
169 2491 237 2512 dumi-

58 2519 119 2545 nmo
161 2521 234 2545 ecele-

20 2591 21 2594 ,
58 2549 152 2609 ιὲμίεο.

70 2623 79 2641 'e

897 213 1000 237 slevs
1023 214 1041 237 V
1064 214 1111 237 Pr.

238 316 299 350 hus
327 318 531 362 apostolicis;
561 328 687 351 necnon
708 317 835 351 Ordinis
855 323 887 350 «t
907 328 984 350 con-

238 370 434 414 gregationis
454 371 706 414 praedictorum,
724 382 901 414 eorumque
918 381 986 403 mo-

239 423 455 457 nasteriorum
494 436 530 457 ar
573 424 768 465 regularium
812 425 957 457 locorum
975 450 982 463 ,

223 476 334 510 ¹etiam
360 477 555 515 iuramento,
582 477 828 510 confirmatione
855 482 984 520 aposto-

238 529 300 564 lica
329 531 377 563 vel
406 531 516 574 quavis
547 531 699 567 firmitate
729 530 791 562 alia
811 529 982 568 roboratis,

238 583 367 617 statutis
375 583 712 623 &consuetudinibus
724 582 898 626 privilegiis
908 592 985 625 quo-

239 646 313 679 que,
338 636 470 670 indultis
491 643 522 670 et
539 636 653 669 litteris
670 636 856 679 apostolicis
872 646 930 678 per
945 635 985 667 se-

209 727 216 735 ,
237 689 310 723 licis
329 690 562 724 recordationis
586 689 777 732 Gregorium
810 688 875 721 Xlll
896 694 927 721 et
951 700 984 720 a·

237 743 300 776 lios
327 743 487 777 Romanos
518 743 688 776 Pontifices
720 742 985 786 praedecessores

237 802 365 831 nostros
384 797 492 830 Ordini
513 803 543 830 et
558 796 798 840 congregationi
811 795 985 839 praedictis

237 861 276 884 ac
292 860 405 884 eorum
428 849 631 883 monasteriis
651 854 681 882 et
713 848 918 892 regularibus
942 848 985 880 lo-

238 903 296 944 cis,
317 914 445 937 necnon
465 902 582 936 rectori
603 902 745 945 generali
767 907 797 935 et
822 901 985 945 prioribus

238 967 276 991 ac
299 957 450 990 fratribus
475 957 608 1000 aliisque
639 955 786 999 personis
807 955 837 987 in
859 954 986 998 praeiu-

239 1010 359 1044 dicium
405 1021 461 1044 seu
504 1010 702 1043 contrarium
734 1008 984 1053 praemissorum

239 1063 483 1107 quomodolibet
516 1063 694 1103 concessis,
727 1061 924 1095 confirmatis
956 1066 987 1093 et

239 1117 410 1150 innovatis.
443 1116 565 1155 Quibus
589 1116 740 1149 omnibus
769 1121 799 1148 et
833 1115 983 1157 singulis,

240 1169 364 1204 etiamsi
384 1171 422 1203 de
442 1170 504 1202 illis
525 1180 703 1213 eorumque
729 1169 801 1202 totis
820 1168 987 1201 tenoribus

238 1223 399 1268 specialis,
418 1223 578 1267 specifica,
599 1234 748 1266 expressa
763 1228 793 1256 et
809 1222 984 1261 individua,

239 1287 305 1310 non
323 1282 431 1318 autem
453 1287 510 1320 per
529 1277 690 1310 clausulas
713 1276 878 1319 generales
903 1275 986 1308 idem

225 1330 461 1375 .importantes‚
487 1330 606 1363 mentio
627 1340 682 1363 seu
702 1329 832 1373 quaeris
852 1329 914 1361 alio
936 1339 988 1361 ex-

240 1384 362 1428 pressio
392 1384 540 1417 habenda
570 1385 667 1424 foret,
702 1383 832 1416 illorum
861 1389 988 1415 tenores

239 1437 461 1482 praesentibus
475 1449 534 1481 pro
555 1438 649 1481 plene
674 1443 705 1470 et
725 1436 918 1470 sufficienter
934 1447 986 1469 ex-

239 1491 358 1536 pressis
374 1491 539 1531 habentes‚
557 1492 617 1524 hac
637 1491 705 1524 vice
727 1491 902 1528 dumtaxat,
916 1501 987 1533 spe-

241 1544 365 1579 cialiter
381 1551 411 1578 et
428 1555 575 1588 expresse
597 1545 789 1587 derogamus
806 1544 988 1586 ceterisque

241 1598 410 1632 contrariis
435 1598 706 1641 quibuscumque.

283 1651 400 1685 Datum
416 1651 535 1684 Romae
549 1652 634 1695 apud
657 1652 686 1685 S.
702 1652 845 1690 Petrum,
859 1650 919 1683 sub
931 1661 988 1682 an—

240 1705 319 1738 nulo
339 1704 520 1744 piscatoris,
536 1705 586 1737 die
597 1716 636 1737 xx
648 1705 899 1740 maiiuDLxxxvi,
911 1715 988 1748 pon-

239 1758 379 1792 tificatus
402 1758 503 1791 nostri
524 1769 608 1791 anno
628 1769 660 1791 11.

299 1815 362 1846 Dat.
379 1815 426 1846 die
441 1816 480 1846 ΞΟ
492 1816 562 1846 maii
579 1817 664 1852 1580,
682 1816 785 1856 pontis.
803 1825 880 1846 aimo
895 1824 926 1845 ιι.

565 1992 665 2025 XLIX.

242 2061 417 2102 Iit-stitutio*
431 2068 858 2110 artisconficiendisericam
874 2069 909 2100 in
934 2067 962 2100 U
971 2078 992 2092 ·-

288 2122 323 2154 be
338 2126 368 2155 et
384 2125 446 2155 tolo
463 2121 557 2154 Statu
577 2121 800 2154 Ecclesiastico
824 2132 895 2154 cum
912 2132 992 2154 non-

287 2175 387 2208 nullis
410 2175 672 2208 ordinationibus
696 2173 722 2206 1.

289 2254 387 2283 Sixtus
393 2254 500 2290 Papav,
511 2255 544 2281 ad
555 2255 717 2289 perpetuam
728 2254 768 2282 rei
782 2254 949 2282 memoriam.

289 2323 360 2368 §¹1-
387 2323 487 2365 Cum,
509 2324 593 2357 sicut
623 2325 830 2368 accepimus,
857 2324 994 2358 dilectus

247 2376 334 2410 filius
366 2377 480 2410 Petius
504 2377 692 2410 Valentinus
724 2378 865 2410 Pientin
873 2405 880 2419 ,
918 2378 994 2411 civis

247 2430 428 2470 Romanus,
461 2430 500 2463 de
533 2430 765 2464 intioducendi
795 2437 862 2463 arte
895 2431 995 2465 consi-

249 2483 356 2517 ciendi
387 2483 539 2523 sericum,
562 2494 687 2516 nemon
709 2484 846 2517 artificio
867 2484 995 2518 texendi

250 2541 282 2570 et
311 2536 527 2581 componendi
547 2537 649 2569 aulaa
675 2537 707 2569 in
734 2537 818 2570 Urbe
838 2543 945 2571 nostia
965 2548 995 2571 c-

287 2604 298 2631 1
316 2603 359 2631 Ex
372 2603 484 2639 Regest.
501 2603 530 2631 in
549 2603 654 2632 secret.
675 2603 818 2632 Brevium.

1667 204 1725 237 711

4 310 5 314 Ἰ
54 274 226 301 munum—
238 263 404 308 quibusvis
423 265 711 298 constitutionibus
731 270 763 298 et
778 265 986 298 ordinationi·
1029 265 1142 308 iusque
1163 265 1309 299 districtu
1336 277 1372 300 ae
1393 265 1518 299 civitate
1542 270 1650 298 nostra
1671 264 1773 298 Bene-

1025 323 1158 350 ventana
1190 324 1220 350 et
1250 319 1398 352 universo
1433 319 1522 352 Statu
1549 317 1773 351 Ecclesiastico

1026 370 1118 403 nobis
1141 370 1324 404 immediate
1352 372 1506 411 subiecto,
1536 376 1666 415 excepta
1696 370 1773 404 eivi-

1027 428 1088 456 tate
1109 428 1139 455 et
1157 423 1300 457 dominio
1317 425 1522 465 Bononiensi,
1540 435 1666 457 necnon
1682 423 1713 457 in
1728 424 1773 456 ci-

1026 476 1313 517 vitatibus,te1'i*is,
1341 478 1467 521 oppidis
1501 483 1531 511 et
1560 477 1638 510 locis
1669 477 1773 510 domi-

1026 529 1181 562 cellorum
1200 530 1291 563 uobis
1310 531 1444 563 mediate.
1461 531 1693 572 subiectorum,
1715 541 1772 574 ap-

1026 582 1128 626 prime
1150 583 1347 625 cogitaverit.

1070 636 1085 679 g
1110 635 1140 668 Ξ).
1167 636 1241 676 Nos,
1268 637 1459 670 conficiendi
1490 637 1629 670 sericum
1656 642 1688 671 et
1713 648 1770 670 au—

1026 689 1121 721 laeum
1134 690 1337 732 praeclarum
1357 690 1519 723 inventum
1540 691 1579 723 ad
1600 701 1771 724 commune

1027 743 1232 776 commodum
1247 749 1277 776 et
1296 744 1491 787 populorum
1513 744 1673 785 solatium,
1691 756 1772 789 pau-

1026 807 1207 840 perumque
1227 797 1474 837 recreationem,
1497 803 1527 831 et
1548 797 1674 842 inopiae
1695 798 1771 830 sub-

1027 850 1228 891 levationem,
1252 850 1285 883 in
1305 851 1474 884 maximam
1491 851 1691 884 subditorum
1713 862 1771 884 no-

1027 910 1166 938 strorum
1192 910 1222 937 et
1254 904 1406 938 Gamerae
1427 905 1627 948 Apostolicae
1651 905 1772 938 utilita-

1028 963 1089 990 tem
1103 958 1218 991 cedere
1238 964 1269 991 et
1289 959 1321 990 in
1334 958 1401 991 dies
1418 957 1518 1000 magis
1530 968 1695 991 cessurum
1705 968 1772 990 esse

1027 1012 1329 1052 animadvertentes,
1351 1023 1387 1044 ac
1407 1011 1579 1054 primarias
1590 1011 1675 1044 orbis
1696 1011 1772 1044 civi-

1027 1070 1106 1098 tates
1125 1070 1220 1109 atque
1242 1065 1432 1109 provincias,
1456 1065 1487 1097 in
1505 1065 1620 1107 quibus
1640 1064 1774 1097 artificia

1027 1119 1106 1152 haee
1126 1119 1246 1161 vigent,
1269 1119 1331 1152 illis
1352 1119 1490 1151 maxime
1511 1119 1663 1151 illustrari
1688 1129 1724 1151 ae
1745 1129 1775 1150 e-

1028 1172 1167 1205 iusmodi
1192 1178 1275 1206 artes
1302 1183 1366 1205 nou
1387 1172 1542 1205 mediocri
1564 1172 1693 1205 illorum
1718 1172 1774 1204 de-

1028 1226 1095 1259 cori
1106 1233 1137 1259 et
1153 1233 1343 1259 ornamento
1361 1237 1429 1259 esse
1451 1226 1697 1269 conspicientes,
1711 1236 1775 1269 quo

1029 1280 1112 1312 idem
1142 1280 1253 1313 Petrus
1278 1291 1347 1312 eam
1374 1280 1404 1312 in
1427 1291 1537 1313 ruram
1559 1279 1632 1312 totis
1655 1279 1776 1312 viribus

1030 1334 1130 1376 magis
1150 1334 1317 1377 magisque
1338 1334 1515 1373 incumbat,
1538 1339 1646 1366 nostra
1666 1333 1697 1365 in
1709 1333 1775 1377 pri-

1030 1388 1088 1420 mis
1109 1388 1300 1420 auctoritate
1321 1398 1357 1419 ac
1381 1387 1521 1419 uber-ieri
1539 1387 1629 1419 Sedis
1644 1387 1777 1430 Aposto-

1029 1441 1338 1474 licaemunificentia
1355 1441 1513 1481 suffultus,
1530 1446 1619 1473 motu
1631 1441 1774 1484 proprio⁷

1029 1506 1065 1527 ac
1079 1506 1116 1528 ex
1137 1501 1224 1527 certa
1243 1494 1377 1527 scientia
1398 1500 1428 1527 et
1448 1494 1487 1526 de
1507 1494 1701 1537 apostolicae
1722 1505 1777 1538 po-

1031 1548 1152 1582 testatis
1169 1548 1385 1592 plenitudine,
1408 1554 1508 1581 artem
1520 1547 1711 1581 conficiendi
1727 1559 1776 1581 se-

1029 1603 1147 1643 ricum,
1162 1613 1198 1635 ac
1210 1602 1384 1635 artificium
1402 1602 1526 1635 texendi
1539 1602 1640 1634 aulica
1656 1607 1686 1635 et
1698 1608 1778 1635 stra-

1029 1658 1105 1699 gula
1136 1657 1169 1688 iu
1203 1657 1287 1689 Urbe
1318 1656 1483 1699 praedicta
1511 1667 1547 1688 ac
1572 1656 1603 1688 in
1629 1656 1777 1689 universo

1030 1710 1120 1744 Statu
1142 1709 1367 1743 Ecclesiastico
1389 1720 1423 1741 ac
1445 1709 1579 1751 :singulis
1594 1709 1626 1741 in
1647 1709 1779 1742 civitati-

1030 1764 1101 1801 bus,
1124 1764 1219 1797 terris
1239 1769 1270 1796 et
1286 1764 1365 1796 locis
1381 1764 1473 1795 nobis
1495 1763 1632 1795 mediate
1651 1764 1699 1796 vel
1721 1763 1779 1795 im-

1031 1817 1172 1850 mediate
1192 1817 1343 1850 subiectis
1363 1822 1521 1860 perpetuo
1542 1816 1778 1849 introducimus

1031 1876 1061 1903 et
1080 1871 1290 1904 instituimus.

1076 1926 1090 1968 ἓ
1115 1924 1146 1957 3.
1173 1926 1217 1958 Ac
1238 1935 1302 1968 quo
1320 1936 1356 1957 ex
1372 1935 1409 1956 (a
1427 1923 1664 1956 intioductione
1679 1923 1776 1967 optati

1032 1979 1110 2011 fines
1126 1984 1314 2021 sequantui,
1333 1984 1369 2010 t
1363 1983 1500 2010 iluimus
1514 1988 1565 2009 un
1559 1988 1776 2021 linquamque

1033 2043 1203 2075 personam
1223 2032 1329 2065 Status
1343 2031 1441 2065 nostri
1457 2032 1478 2063 li
1482 2032 1548 2064 cccl
1551 2031 1665 2064 siastici
1684 2042 1776 2074 piae-

1032 2086 1119 2126 dicti,
1142 2087 1175 2118 in
1195 2085 1333 2118 termino
1358 2085 1443 2128 quod
1465 2096 1522 2127 per
1541 2085 1706 2128 publicum
1724 2085 1779 2118 de-

1033 2145 1156 2172 cretum
1173 2150 1268 2181 quam
1289 2138 1431 2182 prinum
1453 2137 1642 2178 innotescat,
1663 2138 1778 2171 adstri-

1034 2199 1116 2226 ctam
1139 2193 1206 2225 sore
1227 2193 1371 2235 plantare
1401 2202 1497 2224 unam
1526 2192 1675 2224 arborem
1704 2192 1778 2225 celsi

1035 2247 1081 2278 vel
1104 2246 1186 2279 mori
1207 2256 1266 2288 pro
1291 2245 1433 2288 quolibet
1454 2245 1540 2287 petio
1562 2245 1672 2286 vineae,
1695 2246 1780 2278 horti

1035 2310 1091 2332 seu
1109 2300 1247 2339 canneti,
1268 2304 1298 2331 et
1325 2305 1387 2331 tam
1407 2298 1572 2331 vinearum
1593 2299 1782 2341 exiguarum

1036 2363 1131 2395 quam
1157 2352 1328 2384 arboribus
1356 2352 1565 2392 consitat-um,
1588 2357 1618 2385 et
1638 2352 1783 2395 quinque

1037 2402 1167 2433 irbores
1183 2411 1241 2444 pro
1261 2401 1403 2443 quolibet
1420 2401 1518 2433 rubro
1538 2406 1654 2440 terrae,
1677 2401 1716 2433 ad
1732 2412 1784 2434 ra-

1038 2450 1157 2482 tionem
1187 2450 1278 2481 rubri
1304 2449 1438 2481 Romani
1465 2450 1503 2482 ad
1529 2460 1712 2482 mensuram
1734 2461 1786 2484 ca-

1040 2499 1174 2537 thenae,
1214 2498 1259 2531 uti
1294 2498 1423 2537 dicitur,
1443 2498 1474 2531 in
1495 2499 1647 2531 omnibus
1671 2500 1785 2532 casali-

1041 2548 1111 2587 bus,
1135 2546 1238 2590 sylvis,
1262 2547 1547 2581 communitatibus
1566 2553 1597 2581 et
1612 2549 1787 2591 possessio-

1042 2596 1137 2630 nibus
1171 2595 1414 2640 quomodolibet
1441 2597 1655 2642 nuneupasss,
1684 2598 1788 2631 consi-

1789 210 1841 237 An.
1858 209 1888 238 C.
1905 210 1971 238 1580

1840 653 1971 681 Propositum

1787 686 1856 705 laudat
1884 684 1972 711 probu-

1788 722 1827 744 que
1843 715 1950 742 Ροιιιιῐυιῑ

1850 1928 1873 1951 ln
1890 1929 1979 1956 singuun

1791 1961 1868 1988 vineis,
1911 1962 1979 1983 hortis

1791 1994 1857 2019 pratis
1882 1996 1924 2013 etc.
1947 1998 1983 2013 ar.

1791 2023 1981 2050 borescelstplun-

1791 2057 1832 2077 tari
1846 2055 1912 2077 iubet.
