2059 3228
109 261 156 287 An.
183 262 209 287 C.
234 261 296 288 1573

129 1464 191 1488 Quod
220 1464 295 1484 indul-

101 1493 187 1514 gentias
203 1497 295 1511 renova-

100 1521 134 1538 tas
150 1519 279 1539 declaratio.

364 260 427 294 906

318 322 455 356 sentium
496 322 659 354 dumtaxat
697 323 976 366 consequendum,
1005 324 1063 358 ha-

317 386 390 408 rum
415 375 496 408 serie
525 375 725 408 absolventes
753 381 783 409 et
811 376 974 411 absolutos
995 378 1063 411 sore

317 433 495 468 censentes;
526 438 562 460 ac
596 428 848 472 exemptionum,
879 430 1062 474 privilegio-

314 492 398 521 rum,
420 480 707 523 indulgentiarum,
728 482 923 524 libertatum,
955 483 1062 517 indul-

314 540 422 567 torum
447 538 478 566 et
505 534 682 576 gratiarum
708 546 991 580 quorumcumque
1015 538 1061 571 ei-

313 588 385 619 dem
404 586 514 620 Ordini
535 587 706 621 Servorum
727 599 953 623 concessarum
973 595 1063 624 teno-

313 650 363 672 res
374 641 597 684 praesentibus
610 652 668 685 pro
685 643 841 685 expressis
859 653 895 676 ac
911 643 950 676 de
964 643 1061 677 verbo

311 693 351 725 ad
375 693 510 726 verbum
533 693 659 727 insertis
683 695 850 736 habentes,
876 696 1061 730 huiusmodi

311 746 604 790 supplicationibus
633 748 788 788 inclinati,
813 749 920 782 omnia
940 755 971 782 et
994 749 1060 783 sin-

310 800 385 841 gula
405 800 581 843 privilegia,
602 801 779 841 facultates,
801 802 929 844 gratias,
951 813 1059 835 exem-

310 852 447 896 ptiones,
470 852 701 895 immunitates,
724 854 859 895 indulta,
884 855 1059 897 libertates,

309 905 394 939 dicto
419 906 529 943 Ordini
557 907 709 951 illiusque
734 908 878 941 ecclesiis
898 919 934 941 ac
954 909 1059 942 domi-

308 960 370 992 bus
394 971 431 993 ac
450 959 489 993 ab
515 960 569 994 illo
603 961 860 1004 dependentibus
880 962 958 995 locis
984 972 1059 995 con-

309 1023 409 1054 cessa,
432 1019 592 1057 quatenus
611 1015 674 1047 sint
694 1015 724 1047 in
750 1025 821 1054 usu,
843 1020 874 1047 et
893 1015 990 1048 sacris
1010 1026 1060 1049 ca-

308 1066 447 1100 nonibus
471 1078 508 1100 ac
528 1067 666 1100 coneilio
685 1067 871 1101 Tridentino
890 1078 955 1101 non
981 1079 1058 1102 cort-

307 1120 407 1153 traria
424 1147 434 1160 ,
469 1121 645 1164 apostolica
690 1121 882 1154 auctoritate
900 1147 908 1160 ,
946 1126 1058 1155 tenore

310 1173 539 1215 praesentium,
551 1174 783 1207 confirmamus
791 1174 1057 1218 etapprobamus,

308 1225 437 1269 illisque
456 1231 632 1270 perpetuae
652 1233 683 1260 et
702 1227 897 1261 inviolabilis
921 1227 1057 1261 firmita-

307 1278 347 1311 tis
366 1278 467 1312 robur
488 1280 670 1321 adiieimus,
694 1291 731 1313 ac
749 1280 927 1324 praesentis
946 1280 1057 1325 scripti

306 1333 488 1376 patrocinio
505 1334 757 1367 communimus.

351 1385 366 1428 ἓ
386 1385 418 1418 4.
440 1386 658 1429 indulgentias
670 1397 744 1420 vero
764 1394 822 1430 per
833 1386 1057 1431 infrascriptos

306 1438 467 1474 Romanos
492 1440 672 1479 Pontifices,
700 1439 848 1473 videlicet
875 1450 894 1473 a
921 1440 1057 1474 Sanctae

307 1489 469 1525 Romanae
504 1492 665 1526 Ecclesiae
699 1493 823 1536 legatis,
860 1503 934 1526 cum
972 1493 1058 1527 dicta

901 269 1080 297 BULLARIUM
1098 270 1250 298 Romnum

1105 324 1192 358 modi
1212 328 1316 365 erant,
1337 328 1455 358 statum
1478 325 1684 360 restituimus
1702 336 1740 361 ac
1759 335 1849 360 reva-

1104 377 1255 411 lidamus.

1147 431 1162 474 g
1182 429 1214 463 5.
1236 430 1452 464 Summarium
1466 431 1562 465 etiam
1575 431 1850 476 indulgentiarum

1103 483 1252 527 sequitur
1270 489 1301 517 et
1320 488 1367 517 est
1385 483 1584 518 huiusmodi.

1190 537 1214 571 Ι.
1237 536 1383 570 Clemens
1393 534 1478 581 Papa
1486 537 1522 570 lV
1538 537 1738 572 visitantibus
1749 538 1852 573 eccle·-

1103 599 1181 622 siam
1202 589 1418 623 Annuntiatae
1450 590 1490 623 de
1520 590 1681 624 Florentia
1713 591 1850 625 fratrum

1102 642 1275 676 Servorum
1301 642 1450 676 concedit
1468 643 1680 687 quadraginta
1707 644 1774 678 dies
1801 643 1851 678 in-

1101 695 1354 738 dulgentiarum.

1181 748 1225 781 .ΙΙ.
1237 748 1376 789 Latinus,
1387 748 1419 782 S.
1433 748 1469 781 R.
1483 748 1518 781 Ε.
1531 748 1714 791 cardinalis,
1725 749 1848 793 legatus

1099 801 1273 842 AEtruriae‚
1313 802 1471 835 concessit
1507 802 1709 836 visitantibus
1736 813 1849 837 omnes

1101 855 1252 888 ecclesias
1267 855 1426 889 AEtruriae
1439 855 1572 888 fratrum
1583 855 1756 890 Servorum
1769 867 1850 900 qua-

1101 907 1248 951 draginta
1268 908 1335 941 dies
1360 907 1646 951 indulgentiarum.

1186 961 1236 994 111.
1258 961 1407 994 Nicolaus
1433 961 1517 1004 Papa
1530 961 1565 994 IV
1580 960 1779 996 visitantibus
1797 972 1850 996 ec-

1100 1014 1230 1048 clesiam
1250 1015 1364 1048 Beatae
1394 1015 1610 1048 Annuntiatae
1629 1015 1668 1048 de
1687 1015 1849 1049 Florentia

1099 1067 1234 1101 fratrum
1255 1068 1437 1108 Servorum,
1456 1067 1487 1101 in
1501 1068 1758 1102 solemnitatibus
1771 1069 1849 1103 Bea-

1099 1126 1150 1154 tae
1168 1121 1284 1155 Mariae
1303 1121 1453 1164 Virginis,
1472 1127 1503 1154 et
1522 1121 1596 1154 inde
1613 1121 1643 1155 S.
1666 1121 1848 1165 Augustini,

1099 1185 1175 1207 cum
1199 1179 1321 1218 septem
1342 1174 1455 1207 diebus
1475 1173 1685 1217 sequentibus
1712 1174 1847 1208 cuiusli-

1098 1227 1154 1260 bet
1173 1227 1244 1260 sesti
1270 1226 1518 1271 praenominati,
1541 1232 1571 1261 et
1590 1226 1624 1260 in
1643 1226 1695 1260 die
1719 1226 1849 1261 dedica-

1099 1279 1196 1313 tionis
1215 1279 1359 1313 eiusdem
1380 1279 1548 1320 ecclesiae,
1575 1279 1725 1313 concedit
1743 1290 1848 1313 unum

1098 1343 1221 1365 annum
1254 1338 1286 1366 et
1318 1332 1531 1376 quadraginta
1569 1333 1638 1366 dies
1674 1332 1847 1377 indulgen-

1098 1385 1230 1419 tiarum.

1185 1439 1233 1472 lV.
1255 1439 1405 1472 Nicolaus
1425 1439 1464 1472 de
1477 1438 1583 1479 prato,
1595 1438 1627 1473 S.
1641 1438 1679 1472 R.
1691 1438 1728 1472 E.
1739 1438 1848 1472 cardi-

1097 1492 1191 1534 nalis,
1206 1492 1330 1535 legatus
1349 1491 1494 1533 Tusciae,
1517 1491 1667 1525 concedit
1688 1491 1846 1525 visitanti-

307 1545 453 1578 clausula
472 1546 659 1589 porrigendi
680 1557 793 1579 manus
808 1546 983 1580 adiutrices
1003 1552 1058 1580 aut
1076 1539 1079 1595 j
1097 1545 1159 1578 bus
1179 1545 1348 1578 ecclesiam
1364 1545 1397 1578 B.
1411 1544 1627 1578 Annuntiatae
1636 1544 1674 1577 de
1685 1544 1848 1578 Florentia

308 1599 535 1642 eleemosynas,
557 1598 735 1640 concessas
760 1604 792 1633 et
810 1609 868 1644 per
884 1599 986 1633 felicis
1005 1610 1057 1633 re-
1098 1599 1243 1632 eiusdem
1262 1598 1398 1639 Ordinis,
1410 1599 1442 1631 in
1461 1597 1718 1632 solemnitatibus
1731 1597 1766 1631 B.
1785 1597 1847 1631 Ma·

309 1652 504 1685 cordationis
523 1653 615 1685 Pium
636 1653 754 1697 Papam
774 1653 936 1697 quintum,
960 1654 1066 1687 etiam*
1097 1651 1165 1685 riae
1183 1651 1336 1694 Virginis,
1365 1652 1397 1685 S.
1427 1652 1549 1692 Annae,
1575 1650 1607 1684 S.
1638 1649 1745 1691 Blasii,
1771 1661 1846 1686 cum

307 1705 588 1749 praedecessorem
618 1713 774 1747 nostrum,
802 1712 978 1747 revocatas,
1000 1708 1056 1741 de·
1097 1710 1219 1748 septem
1239 1704 1353 1737 diebus
1373 1703 1596 1748 sequentibus,
1609 1703 1685 1737 etin
1705 1704 1847 1737 secunda

308 1765 403 1803 rupta
436 1771 473 1793 ea
506 1761 662 1799 clausula,
700 1760 741 1793 ita
774 1766 883 1794 tamen
907 1761 994 1805 quod
1022 1761 1057 1794 hi
1097 1758 1149 1791 die
1168 1757 1294 1791 veneris
1327 1757 1447 1798 martii,
1477 1762 1607 1791 centum
1638 1756 1707 1790 dies
1735 1756 1846 1790 indul-

308 1812 547 1852 christifideles,
570 1813 625 1856 qui
646 1813 716 1846 illas
727 1813 881 1857 consequi
896 1814 1058 1848 voluerint
1076 1816 1079 1859 ξ
1097 1810 1290 1854 gentiarum.

308 1866 460 1899 eeclesias
473 1866 641 1907 visitando,
654 1866 717 1899 sint
728 1867 858 1900 contriti
870 1872 901 1900 et
909 1867 1056 1908 confessi,
1184 1863 1218 1897 V.
1231 1864 1376 1903 Ioannes,
1388 1863 1419 1897 S.
1433 1863 1469 1896 R.
1480 1863 1516 1896 E.
1534 1861 1716 1903 ca1·dinaliS‚
1724 1862 1847 1905 legatus

307 1930 355 1959 ac,
396 1918 466 1952 loco
492 1920 715 1963 eleemosynae
751 1919 935 1963 praedictae
972 1921 1058 1954 iuxta
1077 1918 1079 1955 ἱ
1098 1917 1243 1958 Tusciae,
1271 1915 1478 1950 audientibus
1506 1915 1680 1948 conciones
1709 1915 1845 1948 fratrum

308 1972 593 2015 praedecessorum
635 1977 818 2005 nostrorum
860 1973 1057 2006 voluntatem
1076 1958 1080 2022 ξ
1097 1970 1269 2004 Servorum
1290 1969 1439 2004 concedit
1461 1968 1673 2012 quadraginta
1697 1967 1766 2001 dies
1794 1967 1846 2001 in-

309 2025 502 2068 erogandae,
513 2025 631 2069 septies
649 2023 833 2059 Orationem
856 2025 1057 2059 Dominicam
1077 2027 1080 2069 ξ
1098 2023 1359 2067 dulgentiarum;
1398 2027 1429 2056 et
1465 2027 1594 2055 centum
1633 2021 1846 2065 quadraginta

308 2078 486 2122 itidemque
506 2079 737 2112 Salutationem
762 2079 948 2122 Angelicam
974 2079 1058 2113 reci·
1077 2072 1080 2134 ξ
1098 2077 1166 2111 dics
1184 2076 1387 2111 visitantibus
1410 2074 1600 2109 eorumdem
1631 2074 1783 2108 ecclesias
1812 2074 1847 2107 in

307 2138 377 2165 tent
395 2133 443 2165 vel
464 2132 619 2176 Vesperas
638 2143 697 2176 pro
716 2131 892 2172 Defunctis,
918 2137 973 2165 aut
985 2137 1058 2165 ante
1077 2138 1081 2169 t
1099 2130 1226 2164 Tuscia.

309 2185 546 2219 sanctissimum
566 2185 692 2218 Domini
713 2185 814 2219 nostri
842 2185 913 2218 lesu
940 2184 1058 2218 Christi
1077 2174 1081 2226 Ι
1186 2182 1234 2215 VI.
1265 2180 1473 2215 Innocentius
1492 2180 1578 2223 Papa
1592 2179 1629 2213 vl
1643 2179 1847 2213 visitantibus

309 2239 430 2282 Corpus
448 2244 568 2272 terram
590 2239 829 2280 exosculentur,
842 2248 879 2271 ac
899 2248 958 2281 pro
980 2237 1058 2270 hae·
1077 2232 1081 2270 i
1099 2234 1269 2269 ecclesiam
1288 2234 1392 2267 dictae
1405 2232 1621 2266 Annuntiatae
1634 2232 1673 2266 de
1685 2231 1847 2266 Florentia

310 2302 417 2324 resum
449 2292 664 2335 extirpatione
677 2318 685 2333 ,
722 2297 915 2334 sanctaeque
948 2290 1060 2323 matris
1077 2273 1081 2343 ἶ
1100 2288 1233 2321 fratrum
1245 2288 1431 2327 Servorum,
1447 2286 1479 2319 in
1499 2285 1652 2319 omnibus
1670 2283 1846 2318 festivitati-

309 2350 724 2393 Ecclesiaetranquillitate,
743 2348 1060 2392 christianorumque
1099 2346 1159 2379 bus
1177 2344 1304 2378 Domini
1323 2344 1423 2378 nostri
1434 2344 1504 2377 Iesu
1515 2343 1644 2382 Christi,
1658 2342 1691 2375 in
1707 2347 1848 2386 quatuor

309 2407 493 2450 principum
516 2418 594 2452 pace
615 2414 645 2441 et
670 2407 789 2440 unione
809 2406 878 2450 pias
901 2406 941 2439 ad
957 2405 1058 2439 Deum

310 2475 424 2507 preces
444 2465 619 2506 effundant,
648 2471 678 2498 et
704 2465 782 2498 alias
816 2464 904 2497 iuxta
923 2463 1059 2508 praede-

310 2532 476 2555 cessorum
507 2528 691 2555 nostrorum
729 2522 910 2556 litterarum
943 2519 1059 2553 seriem

312 2585 417 2620 orent,
440 2579 565 2624 aliaque
588 2586 752 2623 peragant,
774 2580 807 2612 in
832 2578 1001 2623 pristinum
1029 2583 1059 2611 et

311 2648 398 2679 eum,
426 2638 458 2671 in
484 2649 548 2680 quo
583 2643 655 2671 ante
684 2639 918 2672 revocationem
945 2635 1060 2672 huius-

1078 2416 1082 2434 :
1100 2402 1358 2438 solemnitatibus
1383 2401 1562 2435 maioribus
1580 2400 1615 2433 B.
1636 2399 1754 2433 Mariae
1777 2399 1848 2432 Vir—

1100 2461 1194 2506 ginis,
1209 2461 1241 2494 in
1255 2460 1307 2494 die
1318 2460 1349 2494 S.
1363 2458 1504 2499 Zenobii,
1515 2463 1546 2491 et
1565 2458 1598 2491 in
1613 2466 1847 2491 commemora-

1100 2517 1343 2552 tioneomnium
1356 2517 1548 2551 Sanctorum
1561 2542 1570 2556 ,
1591 2525 1713 2548 annum
1728 2518 1847 2557 etqua-

1102 2576 1249 2620 draginta
1268 2576 1336 2610 dies
1360 2574 1646 2618 indulgentiarum.

1190 2634 1252 2668 Vll.
1275 2629 1482 2668 Innocentius
1500 2631 1563 2665 Vlll
1577 2628 1725 2665 concedit
1738 2629 1846 2663 fratri-

1862 267 1916 297 Au.
1931 269 1962 298 C.
1975 269 2032 303 15

1864 434 2005 461 indulgentior
2011 421 2017 453 ·¹
2036 418 2038 426 y

1866 466 2004 488 summai-lun.
