<?xml version="1.0" encoding="UTF-8"?>
<!DOCTYPE html PUBLIC "-//W3C//DTD XHTML 1.0 Transitional//EN"
    "http://www.w3.org/TR/xhtml1/DTD/xhtml1-transitional.dtd">
<html xmlns="http://www.w3.org/1999/xhtml" xml:lang="en" lang="en">
 <head>
  <title>
</title>
<meta http-equiv="Content-Type" content="text/html;charset=utf-8" />
  <meta name='ocr-system' content='tesseract 3.04.00' />
  <meta name='ocr-capabilities' content='ocr_page ocr_carea ocr_par ocr_line ocrx_word'/>
</head>
<body>
  <div class='ocr_page' id='page_1' title='image "./bullarumdiplomat08cath_0997.png"; bbox 0 0 2059 3228; ppageno 0'>
   <div class='ocr_carea' id='block_1_1' title="bbox 71 233 256 264">
    <p class='ocr_par' dir='ltr' id='par_1_1' title="bbox 71 233 256 264">
     <span class='ocr_line' id='line_1_1' title="bbox 71 233 256 264; baseline -0.011 0"><span class='ocrx_word' id='word_1_1' title='bbox 71 234 126 264; x_wconf 79' lang='lat' dir='ltr'>An.</span> <span class='ocrx_word' id='word_1_2' title='bbox 140 233 170 264; x_wconf 84' lang='lat' dir='ltr'>C.</span> <span class='ocrx_word' id='word_1_3' title='bbox 189 233 256 263; x_wconf 76' lang='lat'>¹587</span> 
     </span>
    </p>
   </div>
   <div class='ocr_carea' id='block_1_2' title="bbox 70 1531 257 1652">
    <p class='ocr_par' dir='ltr' id='par_1_2' title="bbox 70 1531 257 1652">
     <span class='ocr_line' id='line_1_2' title="bbox 97 1531 257 1553; baseline 0 -1"><span class='ocrx_word' id='word_1_4' title='bbox 97 1531 137 1552; x_wconf 81' lang='lat' dir='ltr'>Pro</span> <span class='ocrx_word' id='word_1_5' title='bbox 148 1531 197 1552; x_wconf 77' lang='lat' dir='ltr'>doto</span> <span class='ocrx_word' id='word_1_6' title='bbox 212 1532 257 1553; x_wconf 84' lang='lat' dir='ltr'>col-</span> 
     </span>
     <span class='ocr_line' id='line_1_3' title="bbox 70 1562 256 1589; baseline 0 -5"><span class='ocrx_word' id='word_1_7' title='bbox 70 1562 123 1589; x_wconf 78' lang='lat' dir='ltr'>legit</span> <span class='ocrx_word' id='word_1_8' title='bbox 151 1562 256 1584; x_wconf 73' lang='lat' dir='ltr'>beneficia</span> 
     </span>
     <span class='ocr_line' id='line_1_4' title="bbox 71 1595 256 1621; baseline 0.005 -7"><span class='ocrx_word' id='word_1_9' title='bbox 71 1595 193 1621; x_wconf 63' lang='lat' dir='ltr'>supradicta</span> <span class='ocrx_word' id='word_1_10' title='bbox 214 1601 256 1616; x_wconf 75' lang='lat' dir='ltr'>as-</span> 
     </span>
     <span class='ocr_line' id='line_1_5' title="bbox 72 1626 149 1652; baseline 0 -6"><span class='ocrx_word' id='word_1_11' title='bbox 72 1626 149 1652; x_wconf 69' lang='lat' dir='ltr'>sign-t.</span> 
     </span>
    </p>
   </div>
   <div class='ocr_carea' id='block_1_3' title="bbox 933 227 1146 252">
    <p class='ocr_par' dir='ltr' id='par_1_3' title="bbox 933 227 1146 252">
     <span class='ocr_line' id='line_1_6' title="bbox 933 227 1146 252; baseline 0 0"><span class='ocrx_word' id='word_1_12' title='bbox 933 227 1037 252; x_wconf 81' lang='lat' dir='ltr'>SIXTUS</span> <span class='ocrx_word' id='word_1_13' title='bbox 1056 228 1075 252; x_wconf 83' lang='lat' dir='ltr'>V</span> <span class='ocrx_word' id='word_1_14' title='bbox 1099 228 1146 252; x_wconf 66' lang='lat'>1³1³.</span> 
     </span>
    </p>
   </div>
   <div class='ocr_carea' id='block_1_4' title="bbox 269 280 1024 2362">
    <p class='ocr_par' dir='ltr' id='par_1_4' title="bbox 269 280 1024 1443">
     <span class='ocr_line' id='line_1_7' title="bbox 271 280 1018 319; baseline -0.005 -3"><span class='ocrx_word' id='word_1_15' title='bbox 271 289 413 318; x_wconf 88' lang='lat' dir='ltr'>nostram</span> <span class='ocrx_word' id='word_1_16' title='bbox 452 283 716 316; x_wconf 81' lang='lat' dir='ltr'>constitutionem</span> <span class='ocrx_word' id='word_1_17' title='bbox 760 280 992 315; x_wconf 85' lang='lat' dir='ltr'>declaravimus</span> <span class='ocrx_word' id='word_1_18' title='bbox 1012 307 1018 319; x_wconf 94' lang='lat'>,</span> 
     </span>
     <span class='ocr_line' id='line_1_8' title="bbox 271 333 1021 380; baseline -0.007 -10"><span class='ocrx_word' id='word_1_19' title='bbox 271 337 424 370; x_wconf 88' lang='lat' dir='ltr'>continue</span> <span class='ocrx_word' id='word_1_20' title='bbox 459 337 616 380; x_wconf 85' lang='lat' dir='ltr'>prolicere</span> <span class='ocrx_word' id='word_1_21' title='bbox 651 335 812 374; x_wconf 85' lang='lat' dir='ltr'>studeant,</span> <span class='ocrx_word' id='word_1_22' title='bbox 835 334 893 367; x_wconf 76' lang='lat' dir='ltr'>sub</span> <span class='ocrx_word' id='word_1_23' title='bbox 926 333 1021 366; x_wconf 84' lang='lat' dir='ltr'>unius</span> 
     </span>
     <span class='ocr_line' id='line_1_9' title="bbox 270 387 1022 434; baseline -0.004 -12"><span class='ocrx_word' id='word_1_24' title='bbox 270 389 535 434; x_wconf 69' lang='lat' dir='ltr'>praestantissimi</span> <span class='ocrx_word' id='word_1_25' title='bbox 558 396 588 423; x_wconf 91' lang='lat' dir='ltr'>et</span> <span class='ocrx_word' id='word_1_26' title='bbox 608 387 863 422; x_wconf 64' lang='lat' dir='ltr'>exercitatissimi</span> <span class='ocrx_word' id='word_1_27' title='bbox 895 387 1022 420; x_wconf 76' lang='lat' dir='ltr'>lectoris</span> 
     </span>
     <span class='ocr_line' id='line_1_10' title="bbox 271 440 1020 487; baseline -0.004 -11"><span class='ocrx_word' id='word_1_28' title='bbox 271 443 410 487; x_wconf 82' lang='lat' dir='ltr'>regentis</span> <span class='ocrx_word' id='word_1_29' title='bbox 446 442 658 487; x_wconf 86' lang='lat' dir='ltr'>nuncupandi</span> <span class='ocrx_word' id='word_1_30' title='bbox 691 442 838 475; x_wconf 87' lang='lat' dir='ltr'>doctrina</span> <span class='ocrx_word' id='word_1_31' title='bbox 872 447 902 474; x_wconf 85' lang='lat' dir='ltr'>et</span> <span class='ocrx_word' id='word_1_32' title='bbox 926 440 1020 473; x_wconf 86' lang='lat' dir='ltr'>disci-</span> 
     </span>
     <span class='ocr_line' id='line_1_11' title="bbox 270 494 1021 540; baseline -0.003 -11"><span class='ocrx_word' id='word_1_33' title='bbox 270 496 369 540; x_wconf 88' lang='lat' dir='ltr'>plina,</span> <span class='ocrx_word' id='word_1_34' title='bbox 399 496 454 539; x_wconf 89' lang='lat' dir='ltr'>qni</span> <span class='ocrx_word' id='word_1_35' title='bbox 484 496 577 529; x_wconf 86' lang='lat' dir='ltr'>etiam</span> <span class='ocrx_word' id='word_1_36' title='bbox 604 495 752 539; x_wconf 77' lang='lat' dir='ltr'>legendo,</span> <span class='ocrx_word' id='word_1_37' title='bbox 782 494 1021 539; x_wconf 87' lang='lat' dir='ltr'>interpretando</span> 
     </span>
     <span class='ocr_line' id='line_1_12' title="bbox 270 548 1022 594; baseline -0.004 -11"><span class='ocrx_word' id='word_1_38' title='bbox 270 560 307 583; x_wconf 86' lang='lat' dir='ltr'>ac</span> <span class='ocrx_word' id='word_1_39' title='bbox 327 549 536 594; x_wconf 83' lang='lat' dir='ltr'>disputando,</span> <span class='ocrx_word' id='word_1_40' title='bbox 561 556 593 583; x_wconf 87' lang='lat' dir='ltr'>ut</span> <span class='ocrx_word' id='word_1_41' title='bbox 616 549 715 582; x_wconf 86' lang='lat' dir='ltr'>moris</span> <span class='ocrx_word' id='word_1_42' title='bbox 740 555 797 589; x_wconf 77' lang='lat' dir='ltr'>est,</span> <span class='ocrx_word' id='word_1_43' title='bbox 829 548 859 581; x_wconf 92' lang='lat' dir='ltr'>in</span> <span class='ocrx_word' id='word_1_44' title='bbox 890 558 1022 591; x_wconf 83' lang='lat' dir='ltr'>genera-</span> 
     </span>
     <span class='ocr_line' id='line_1_13' title="bbox 270 602 1022 637; baseline -0.003 -1"><span class='ocrx_word' id='word_1_45' title='bbox 270 603 355 636; x_wconf 85' lang='lat' dir='ltr'>libus</span> <span class='ocrx_word' id='word_1_46' title='bbox 375 603 521 637; x_wconf 87' lang='lat' dir='ltr'>eiusdem</span> <span class='ocrx_word' id='word_1_47' title='bbox 543 603 672 637; x_wconf 80' lang='lat' dir='ltr'>Ordinis</span> <span class='ocrx_word' id='word_1_48' title='bbox 693 603 850 635; x_wconf 78' lang='lat' dir='ltr'>Minorum</span> <span class='ocrx_word' id='word_1_49' title='bbox 881 602 1022 635; x_wconf 82' lang='lat' dir='ltr'>Conven-</span> 
     </span>
     <span class='ocr_line' id='line_1_14' title="bbox 271 656 1021 698; baseline -0.004 -8"><span class='ocrx_word' id='word_1_50' title='bbox 271 657 409 690; x_wconf 86' lang='lat' dir='ltr'>tualium</span> <span class='ocrx_word' id='word_1_51' title='bbox 434 656 561 697; x_wconf 86' lang='lat' dir='ltr'>studiis,</span> <span class='ocrx_word' id='word_1_52' title='bbox 585 657 713 690; x_wconf 86' lang='lat' dir='ltr'>eosdem</span> <span class='ocrx_word' id='word_1_53' title='bbox 736 656 903 698; x_wconf 72' lang='lat' dir='ltr'>religiosos</span> <span class='ocrx_word' id='word_1_54' title='bbox 923 656 1021 688; x_wconf 88' lang='lat' dir='ltr'>colle-</span> 
     </span>
     <span class='ocr_line' id='line_1_15' title="bbox 269 711 1020 755; baseline -0.004 -11"><span class='ocrx_word' id='word_1_55' title='bbox 269 711 371 754; x_wconf 80' lang='lat' dir='ltr'>giales</span> <span class='ocrx_word' id='word_1_56' title='bbox 391 721 541 744; x_wconf 84' lang='lat' dir='ltr'>exercere</span> <span class='ocrx_word' id='word_1_57' title='bbox 563 711 690 751; x_wconf 90' lang='lat' dir='ltr'>debeat,</span> <span class='ocrx_word' id='word_1_58' title='bbox 714 716 748 743; x_wconf 91' lang='lat' dir='ltr'>ut</span> <span class='ocrx_word' id='word_1_59' title='bbox 764 716 835 755; x_wconf 84' lang='lat' dir='ltr'>post</span> <span class='ocrx_word' id='word_1_60' title='bbox 855 714 1020 754; x_wconf 84' lang='lat' dir='ltr'>peractum</span> 
     </span>
     <span class='ocr_line' id='line_1_16' title="bbox 269 764 1019 803; baseline -0.004 -5"><span class='ocrx_word' id='word_1_61' title='bbox 269 765 453 798; x_wconf 85' lang='lat' dir='ltr'>studiorum</span> <span class='ocrx_word' id='word_1_62' title='bbox 492 775 626 798; x_wconf 76' lang='lat' dir='ltr'>suorum</span> <span class='ocrx_word' id='word_1_63' title='bbox 652 764 836 797; x_wconf 88' lang='lat' dir='ltr'>huiusmodi</span> <span class='ocrx_word' id='word_1_64' title='bbox 876 774 1019 803; x_wconf 80' lang='lat' dir='ltr'>cursum,</span> 
     </span>
     <span class='ocr_line' id='line_1_17' title="bbox 271 816 1020 863; baseline -0.004 -12"><span class='ocrx_word' id='word_1_65' title='bbox 271 823 436 862; x_wconf 78' lang='lat' dir='ltr'>tamquam</span> <span class='ocrx_word' id='word_1_66' title='bbox 459 819 579 852; x_wconf 82' lang='lat' dir='ltr'>t&#39;eraces</span> <span class='ocrx_word' id='word_1_67' title='bbox 595 818 751 863; x_wconf 70' lang='lat' dir='ltr'>praedicti</span> <span class='ocrx_word' id='word_1_68' title='bbox 776 817 842 860; x_wconf 77' lang='lat' dir='ltr'>agri</span> <span class='ocrx_word' id='word_1_69' title='bbox 869 816 1020 850; x_wconf 87' lang='lat' dir='ltr'>dominici</span> 
     </span>
     <span class='ocr_line' id='line_1_18' title="bbox 270 870 1019 916; baseline -0.003 -12"><span class='ocrx_word' id='word_1_70' title='bbox 270 872 400 916; x_wconf 86' lang='lat' dir='ltr'>plantae</span> <span class='ocrx_word' id='word_1_71' title='bbox 422 871 454 904; x_wconf 89' lang='lat' dir='ltr'>in</span> <span class='ocrx_word' id='word_1_72' title='bbox 479 871 586 906; x_wconf 88' lang='lat' dir='ltr'>Sacris</span> <span class='ocrx_word' id='word_1_73' title='bbox 610 870 786 915; x_wconf 72' lang='lat' dir='ltr'>Scriptnris</span> <span class='ocrx_word' id='word_1_74' title='bbox 810 870 1019 914; x_wconf 83' lang='lat' dir='ltr'>exponendis,</span> 
     </span>
     <span class='ocr_line' id='line_1_19' title="bbox 270 924 1023 970; baseline -0.005 -11"><span class='ocrx_word' id='word_1_75' title='bbox 270 925 523 970; x_wconf 74' lang='lat' dir='ltr'>interpretandis</span> <span class='ocrx_word' id='word_1_76' title='bbox 543 937 580 959; x_wconf 88' lang='lat' dir='ltr'>ae</span> <span class='ocrx_word' id='word_1_77' title='bbox 607 924 745 970; x_wconf 88' lang='lat' dir='ltr'>publicis</span> <span class='ocrx_word' id='word_1_78' title='bbox 766 924 853 957; x_wconf 86' lang='lat' dir='ltr'>verbi</span> <span class='ocrx_word' id='word_1_79' title='bbox 873 924 928 956; x_wconf 83' lang='lat' dir='ltr'>Dei</span> <span class='ocrx_word' id='word_1_80' title='bbox 949 934 1023 956; x_wconf 88' lang='lat' dir='ltr'>con-</span> 
     </span>
     <span class='ocr_line' id='line_1_20' title="bbox 269 977 1024 1022; baseline -0.004 -10"><span class='ocrx_word' id='word_1_81' title='bbox 269 979 419 1013; x_wconf 88' lang='lat' dir='ltr'>cionibus</span> <span class='ocrx_word' id='word_1_82' title='bbox 439 979 607 1020; x_wconf 80' lang='lat' dir='ltr'>habendis,</span> <span class='ocrx_word' id='word_1_83' title='bbox 639 979 773 1022; x_wconf 75' lang='lat' dir='ltr'>aliisque</span> <span class='ocrx_word' id='word_1_84' title='bbox 803 977 1024 1022; x_wconf 73' lang='lat' dir='ltr'>spiritualibus</span> 
     </span>
     <span class='ocr_line' id='line_1_21' title="bbox 270 1032 1023 1073; baseline -0.003 -7"><span class='ocrx_word' id='word_1_85' title='bbox 270 1032 386 1067; x_wconf 83' lang='lat' dir='ltr'>officiis</span> <span class='ocrx_word' id='word_1_86' title='bbox 408 1039 439 1067; x_wconf 82' lang='lat' dir='ltr'>et</span> <span class='ocrx_word' id='word_1_87' title='bbox 460 1033 647 1067; x_wconf 87' lang='lat' dir='ltr'>ministeriis</span> <span class='ocrx_word' id='word_1_88' title='bbox 667 1033 837 1073; x_wconf 73' lang='lat' dir='ltr'>obeundis,</span> <span class='ocrx_word' id='word_1_89' title='bbox 857 1043 931 1066; x_wconf 87' lang='lat' dir='ltr'>sane</span> <span class='ocrx_word' id='word_1_90' title='bbox 948 1032 1023 1065; x_wconf 85' lang='lat' dir='ltr'>doc-</span> 
     </span>
     <span class='ocr_line' id='line_1_22' title="bbox 271 1086 1023 1130; baseline -0.001 -11"><span class='ocrx_word' id='word_1_91' title='bbox 271 1086 374 1120; x_wconf 81' lang='lat' dir='ltr'>trinae</span> <span class='ocrx_word' id='word_1_92' title='bbox 395 1087 542 1130; x_wconf 84' lang='lat' dir='ltr'>germina</span> <span class='ocrx_word' id='word_1_93' title='bbox 563 1087 659 1120; x_wconf 88' lang='lat' dir='ltr'>latius</span> <span class='ocrx_word' id='word_1_94' title='bbox 679 1087 859 1120; x_wconf 80' lang='lat' dir='ltr'>diffundere</span> <span class='ocrx_word' id='word_1_95' title='bbox 880 1092 911 1119; x_wconf 90' lang='lat' dir='ltr'>et</span> <span class='ocrx_word' id='word_1_96' title='bbox 931 1096 1023 1130; x_wconf 90' lang='lat' dir='ltr'>supe-</span> 
     </span>
     <span class='ocr_line' id='line_1_23' title="bbox 270 1140 1023 1174; baseline -0.003 0"><span class='ocrx_word' id='word_1_97' title='bbox 270 1140 491 1174; x_wconf 84' lang='lat' dir='ltr'>rabundantes</span> <span class='ocrx_word' id='word_1_98' title='bbox 520 1142 643 1174; x_wconf 79' lang='lat' dir='ltr'>fructus</span> <span class='ocrx_word' id='word_1_99' title='bbox 663 1141 702 1173; x_wconf 90' lang='lat' dir='ltr'>ad</span> <span class='ocrx_word' id='word_1_100' title='bbox 723 1151 929 1174; x_wconf 88' lang='lat' dir='ltr'>communem</span> <span class='ocrx_word' id='word_1_101' title='bbox 964 1140 1023 1172; x_wconf 92' lang='lat' dir='ltr'>uti-</span> 
     </span>
     <span class='ocr_line' id='line_1_24' title="bbox 271 1194 1022 1237; baseline -0.001 -11"><span class='ocrx_word' id='word_1_102' title='bbox 271 1194 392 1227; x_wconf 84' lang='lat' dir='ltr'>litatem</span> <span class='ocrx_word' id='word_1_103' title='bbox 417 1200 448 1228; x_wconf 92' lang='lat' dir='ltr'>et</span> <span class='ocrx_word' id='word_1_104' title='bbox 468 1195 616 1235; x_wconf 88' lang='lat' dir='ltr'>salutem,</span> <span class='ocrx_word' id='word_1_105' title='bbox 645 1194 838 1237; x_wconf 83' lang='lat' dir='ltr'>Ordinisque</span> <span class='ocrx_word' id='word_1_106' title='bbox 863 1194 1022 1226; x_wconf 82' lang='lat' dir='ltr'>Minorum</span> 
     </span>
     <span class='ocr_line' id='line_1_25' title="bbox 270 1249 1023 1292; baseline -0.003 -10"><span class='ocrx_word' id='word_1_107' title='bbox 270 1249 531 1282; x_wconf 74' lang='lat' dir='ltr'>conventualium</span> <span class='ocrx_word' id='word_1_108' title='bbox 554 1249 741 1282; x_wconf 88' lang='lat' dir='ltr'>huiusmodi</span> <span class='ocrx_word' id='word_1_109' title='bbox 767 1249 928 1289; x_wconf 78' lang='lat' dir='ltr'>decorem,</span> <span class='ocrx_word' id='word_1_110' title='bbox 950 1258 1023 1292; x_wconf 91' lang='lat' dir='ltr'>pro-</span> 
     </span>
     <span class='ocr_line' id='line_1_26' title="bbox 269 1302 1023 1346; baseline -0.001 -11"><span class='ocrx_word' id='word_1_111' title='bbox 269 1302 389 1336; x_wconf 89' lang='lat' dir='ltr'>ducere</span> <span class='ocrx_word' id='word_1_112' title='bbox 408 1303 545 1339; x_wconf 89' lang='lat' dir='ltr'>valeant,</span> <span class='ocrx_word' id='word_1_113' title='bbox 570 1303 759 1336; x_wconf 83' lang='lat' dir='ltr'>auctoritate</span> <span class='ocrx_word' id='word_1_114' title='bbox 776 1303 965 1346; x_wconf 84' lang='lat' dir='ltr'>apostolica,</span> <span class='ocrx_word' id='word_1_115' title='bbox 980 1307 1023 1334; x_wconf 88' lang='lat' dir='ltr'>te-</span> 
     </span>
     <span class='ocr_line' id='line_1_27' title="bbox 269 1356 1024 1402; baseline -0.001 -13"><span class='ocrx_word' id='word_1_116' title='bbox 269 1366 349 1390; x_wconf 87' lang='lat' dir='ltr'>nore</span> <span class='ocrx_word' id='word_1_117' title='bbox 373 1356 607 1401; x_wconf 87' lang='lat' dir='ltr'>praesentium,</span> <span class='ocrx_word' id='word_1_118' title='bbox 631 1361 788 1402; x_wconf 84' lang='lat' dir='ltr'>perpetuo</span> <span class='ocrx_word' id='word_1_119' title='bbox 814 1356 969 1399; x_wconf 81' lang='lat' dir='ltr'>erigimus</span> <span class='ocrx_word' id='word_1_120' title='bbox 994 1361 1024 1388; x_wconf 89' lang='lat' dir='ltr'>et</span> 
     </span>
     <span class='ocr_line' id='line_1_28' title="bbox 269 1409 480 1443; baseline 0.005 -1"><span class='ocrx_word' id='word_1_121' title='bbox 269 1409 480 1443; x_wconf 79' lang='lat' dir='ltr'>instituimus.</span> 
     </span>
    </p>

    <p class='ocr_par' dir='ltr' id='par_1_5' title="bbox 269 1463 1024 2362">
     <span class='ocr_line' id='line_1_29' title="bbox 313 1463 1022 1508; baseline -0.003 -11"><span class='ocrx_word' id='word_1_122' title='bbox 313 1463 328 1508; x_wconf 64' lang='grc' dir='ltr'><strong>ἓ</strong></span> <span class='ocrx_word' id='word_1_123' title='bbox 349 1463 380 1497; x_wconf 82' lang='lat'>3.</span> <span class='ocrx_word' id='word_1_124' title='bbox 402 1464 517 1508; x_wconf 83' lang='lat' dir='ltr'>Illique</span> <span class='ocrx_word' id='word_1_125' title='bbox 538 1464 584 1497; x_wconf 79' lang='lat' dir='ltr'>sie</span> <span class='ocrx_word' id='word_1_126' title='bbox 604 1469 711 1497; x_wconf 89' lang='lat' dir='ltr'>erecto</span> <span class='ocrx_word' id='word_1_127' title='bbox 733 1469 764 1497; x_wconf 85' lang='lat' dir='ltr'>et</span> <span class='ocrx_word' id='word_1_128' title='bbox 783 1463 940 1504; x_wconf 90' lang='lat' dir='ltr'>instituto,</span> <span class='ocrx_word' id='word_1_129' title='bbox 965 1473 1022 1507; x_wconf 89' lang='lat' dir='ltr'>pro</span> 
     </span>
     <span class='ocr_line' id='line_1_30' title="bbox 269 1517 1023 1561; baseline 0 -11"><span class='ocrx_word' id='word_1_130' title='bbox 269 1517 339 1551; x_wconf 86' lang='lat' dir='ltr'>eius</span> <span class='ocrx_word' id='word_1_131' title='bbox 359 1517 445 1559; x_wconf 89' lang='lat' dir='ltr'>dote,</span> <span class='ocrx_word' id='word_1_132' title='bbox 467 1529 504 1551; x_wconf 89' lang='lat' dir='ltr'>ac</span> <span class='ocrx_word' id='word_1_133' title='bbox 525 1518 655 1551; x_wconf 87' lang='lat' dir='ltr'>lectoris</span> <span class='ocrx_word' id='word_1_134' title='bbox 675 1529 729 1551; x_wconf 89' lang='lat' dir='ltr'>seu</span> <span class='ocrx_word' id='word_1_135' title='bbox 752 1518 892 1561; x_wconf 78' lang='lat' dir='ltr'>regentis</span> <span class='ocrx_word' id='word_1_136' title='bbox 908 1523 938 1550; x_wconf 89' lang='lat' dir='ltr'>et</span> <span class='ocrx_word' id='word_1_137' title='bbox 960 1517 1023 1550; x_wconf 87' lang='lat' dir='ltr'>col-</span> 
     </span>
     <span class='ocr_line' id='line_1_31' title="bbox 269 1570 1023 1615; baseline -0.001 -11"><span class='ocrx_word' id='word_1_138' title='bbox 269 1570 433 1615; x_wconf 79' lang='lat' dir='ltr'>legialium</span> <span class='ocrx_word' id='word_1_139' title='bbox 459 1572 644 1606; x_wconf 83' lang='lat' dir='ltr'>huiusmodi</span> <span class='ocrx_word' id='word_1_140' title='bbox 669 1571 934 1612; x_wconf 79' lang='lat' dir='ltr'>substentatione,</span> <span class='ocrx_word' id='word_1_141' title='bbox 953 1581 1023 1603; x_wconf 90' lang='lat' dir='ltr'>mo-</span> 
     </span>
     <span class='ocr_line' id='line_1_32' title="bbox 269 1625 1022 1670; baseline 0 -12"><span class='ocrx_word' id='word_1_142' title='bbox 269 1625 449 1658; x_wconf 87' lang='lat' dir='ltr'>nasterium</span> <span class='ocrx_word' id='word_1_143' title='bbox 470 1626 686 1670; x_wconf 86' lang='lat' dir='ltr'>praedictum,</span> <span class='ocrx_word' id='word_1_144' title='bbox 715 1626 747 1658; x_wconf 90' lang='lat' dir='ltr'>in</span> <span class='ocrx_word' id='word_1_145' title='bbox 772 1637 847 1670; x_wconf 86' lang='lat' dir='ltr'>quo,</span> <span class='ocrx_word' id='word_1_146' title='bbox 872 1632 905 1658; x_wconf 87' lang='lat' dir='ltr'>ut</span> <span class='ocrx_word' id='word_1_147' title='bbox 930 1636 1022 1658; x_wconf 86' lang='lat' dir='ltr'>acce-</span> 
     </span>
     <span class='ocr_line' id='line_1_33' title="bbox 271 1678 1024 1724; baseline 0 -13"><span class='ocrx_word' id='word_1_148' title='bbox 271 1678 388 1722; x_wconf 88' lang='lat' dir='ltr'>pimus,</span> <span class='ocrx_word' id='word_1_149' title='bbox 409 1684 551 1723; x_wconf 87' lang='lat' dir='ltr'>quatuor</span> <span class='ocrx_word' id='word_1_150' title='bbox 562 1680 610 1712; x_wconf 90' lang='lat' dir='ltr'>vel</span> <span class='ocrx_word' id='word_1_151' title='bbox 621 1680 766 1724; x_wconf 81' lang='lat' dir='ltr'>quinque</span> <span class='ocrx_word' id='word_1_152' title='bbox 778 1680 944 1712; x_wconf 78' lang='lat' dir='ltr'>dumtaxat</span> <span class='ocrx_word' id='word_1_153' title='bbox 956 1690 1024 1712; x_wconf 90' lang='lat' dir='ltr'>mo-</span> 
     </span>
     <span class='ocr_line' id='line_1_34' title="bbox 270 1731 1023 1766; baseline 0 -1"><span class='ocrx_word' id='word_1_154' title='bbox 270 1731 367 1765; x_wconf 86' lang='lat' dir='ltr'>nachi</span> <span class='ocrx_word' id='word_1_155' title='bbox 395 1731 473 1766; x_wconf 79' lang='lat' dir='ltr'>dicti</span> <span class='ocrx_word' id='word_1_156' title='bbox 494 1733 525 1766; x_wconf 75' lang='lat' dir='ltr'>S.</span> <span class='ocrx_word' id='word_1_157' title='bbox 553 1733 718 1766; x_wconf 76' lang='lat' dir='ltr'>Benedicti</span> <span class='ocrx_word' id='word_1_158' title='bbox 736 1734 784 1766; x_wconf 83' lang='lat' dir='ltr'>vel</span> <span class='ocrx_word' id='word_1_159' title='bbox 804 1732 1023 1766; x_wconf 62' lang='lat' dir='ltr'>Cistcrciensis</span> 
     </span>
     <span class='ocr_line' id='line_1_35' title="bbox 271 1786 1022 1831; baseline 0.001 -12"><span class='ocrx_word' id='word_1_160' title='bbox 271 1786 409 1828; x_wconf 86' lang='lat' dir='ltr'>Ordinis,</span> <span class='ocrx_word' id='word_1_161' title='bbox 440 1786 562 1820; x_wconf 84' lang='lat' dir='ltr'>ibidem</span> <span class='ocrx_word' id='word_1_162' title='bbox 582 1799 599 1820; x_wconf 87' lang='lat' dir='ltr'>a</span> <span class='ocrx_word' id='word_1_163' title='bbox 619 1787 686 1820; x_wconf 85' lang='lat' dir='ltr'>suis</span> <span class='ocrx_word' id='word_1_164' title='bbox 715 1787 937 1831; x_wconf 81' lang='lat' dir='ltr'>superioribus</span> <span class='ocrx_word' id='word_1_165' title='bbox 967 1798 1022 1820; x_wconf 82' lang='lat' dir='ltr'>seu</span> 
     </span>
     <span class='ocr_line' id='line_1_36' title="bbox 271 1841 1022 1886; baseline 0 -12"><span class='ocrx_word' id='word_1_166' title='bbox 271 1851 330 1886; x_wconf 89' lang='lat' dir='ltr'>pro</span> <span class='ocrx_word' id='word_1_167' title='bbox 364 1846 511 1885; x_wconf 88' lang='lat' dir='ltr'>tempore</span> <span class='ocrx_word' id='word_1_168' title='bbox 545 1842 699 1875; x_wconf 78' lang='lat' dir='ltr'>existente</span> <span class='ocrx_word' id='word_1_169' title='bbox 724 1842 801 1875; x_wconf 88' lang='lat' dir='ltr'>dieti</span> <span class='ocrx_word' id='word_1_170' title='bbox 837 1841 1022 1874; x_wconf 83' lang='lat' dir='ltr'>monasterii</span> 
     </span>
     <span class='ocr_line' id='line_1_37' title="bbox 272 1896 1023 1939; baseline -0.001 -11"><span class='ocrx_word' id='word_1_171' title='bbox 272 1896 538 1929; x_wconf 79' lang='lat' dir='ltr'>commendatore</span> <span class='ocrx_word' id='word_1_172' title='bbox 571 1896 760 1936; x_wconf 81' lang='lat' dir='ltr'>introducti,</span> <span class='ocrx_word' id='word_1_173' title='bbox 796 1896 835 1928; x_wconf 85' lang='lat' dir='ltr'>ad</span> <span class='ocrx_word' id='word_1_174' title='bbox 872 1906 1023 1939; x_wconf 74' lang='lat' dir='ltr'>praesens</span> 
     </span>
     <span class='ocr_line' id='line_1_38' title="bbox 271 1948 1023 1992; baseline 0 -11"><span class='ocrx_word' id='word_1_175' title='bbox 271 1948 406 1992; x_wconf 82' lang='lat' dir='ltr'>degunt,</span> <span class='ocrx_word' id='word_1_176' title='bbox 433 1949 565 1992; x_wconf 82' lang='lat' dir='ltr'>eiusque</span> <span class='ocrx_word' id='word_1_177' title='bbox 583 1950 717 1989; x_wconf 77' lang='lat' dir='ltr'>fructus,</span> <span class='ocrx_word' id='word_1_178' title='bbox 738 1949 858 1982; x_wconf 84' lang='lat' dir='ltr'>reditus</span> <span class='ocrx_word' id='word_1_179' title='bbox 889 1954 919 1981; x_wconf 89' lang='lat' dir='ltr'>ct</span> <span class='ocrx_word' id='word_1_180' title='bbox 946 1959 1023 1992; x_wconf 88' lang='lat' dir='ltr'>pro-</span> 
     </span>
     <span class='ocr_line' id='line_1_39' title="bbox 271 2001 1022 2037; baseline -0.003 -1"><span class='ocrx_word' id='word_1_181' title='bbox 271 2007 384 2036; x_wconf 85' lang='lat' dir='ltr'>ventus</span> <span class='ocrx_word' id='word_1_182' title='bbox 415 2003 455 2037; x_wconf 87' lang='lat' dir='ltr'>ad</span> <span class='ocrx_word' id='word_1_183' title='bbox 480 2013 519 2036; x_wconf 83' lang='lat' dir='ltr'>Lx</span> <span class='ocrx_word' id='word_1_184' title='bbox 547 2003 687 2037; x_wconf 83' lang='lat' dir='ltr'>ssorenos</span> <span class='ocrx_word' id='word_1_185' title='bbox 705 2003 776 2036; x_wconf 89' lang='lat' dir='ltr'>auri</span> <span class='ocrx_word' id='word_1_186' title='bbox 797 2002 829 2034; x_wconf 93' lang='lat' dir='ltr'>in</span> <span class='ocrx_word' id='word_1_187' title='bbox 850 2002 940 2034; x_wconf 87' lang='lat' dir='ltr'>libris</span> <span class='ocrx_word' id='word_1_188' title='bbox 964 2001 1022 2035; x_wconf 90' lang='lat' dir='ltr'>Ca-</span> 
     </span>
     <span class='ocr_line' id='line_1_40' title="bbox 272 2056 1023 2101; baseline -0.003 -12"><span class='ocrx_word' id='word_1_189' title='bbox 272 2067 380 2090; x_wconf 88' lang='lat' dir='ltr'>merae</span> <span class='ocrx_word' id='word_1_190' title='bbox 405 2057 607 2101; x_wconf 88' lang='lat' dir='ltr'>Apostolicae</span> <span class='ocrx_word' id='word_1_191' title='bbox 628 2056 722 2089; x_wconf 85' lang='lat' dir='ltr'>taxati</span> <span class='ocrx_word' id='word_1_192' title='bbox 743 2056 966 2099; x_wconf 78' lang='lat' dir='ltr'>reperiuntur;</span> <span class='ocrx_word' id='word_1_193' title='bbox 993 2061 1023 2087; x_wconf 89' lang='lat' dir='ltr'>ct</span> 
     </span>
     <span class='ocr_line' id='line_1_41' title="bbox 271 2109 1022 2155; baseline -0.004 -11"><span class='ocrx_word' id='word_1_194' title='bbox 271 2111 485 2155; x_wconf 84' lang='lat' dir='ltr'>capellaniam</span> <span class='ocrx_word' id='word_1_195' title='bbox 510 2111 720 2151; x_wconf 86' lang='lat' dir='ltr'>huiusmodi,</span> <span class='ocrx_word' id='word_1_196' title='bbox 743 2121 825 2153; x_wconf 88' lang='lat' dir='ltr'>quae</span> <span class='ocrx_word' id='word_1_197' title='bbox 851 2109 918 2142; x_wconf 86' lang='lat' dir='ltr'>sine</span> <span class='ocrx_word' id='word_1_198' title='bbox 945 2120 1022 2142; x_wconf 88' lang='lat' dir='ltr'>eura</span> 
     </span>
     <span class='ocr_line' id='line_1_42' title="bbox 271 2163 1022 2209; baseline -0.005 -11"><span class='ocrx_word' id='word_1_199' title='bbox 271 2170 318 2198; x_wconf 88' lang='lat' dir='ltr'>est</span> <span class='ocrx_word' id='word_1_200' title='bbox 340 2165 610 2209; x_wconf 85' lang='lat' dir='ltr'>personalemque</span> <span class='ocrx_word' id='word_1_201' title='bbox 640 2163 845 2197; x_wconf 86' lang='lat' dir='ltr'>residentiam</span> <span class='ocrx_word' id='word_1_202' title='bbox 876 2173 940 2196; x_wconf 90' lang='lat' dir='ltr'>non</span> <span class='ocrx_word' id='word_1_203' title='bbox 972 2173 1022 2194; x_wconf 90' lang='lat' dir='ltr'>re-</span> 
     </span>
     <span class='ocr_line' id='line_1_43' title="bbox 270 2218 1020 2263; baseline -0.005 -11"><span class='ocrx_word' id='word_1_204' title='bbox 270 2218 381 2263; x_wconf 87' lang='lat' dir='ltr'>quirit,</span> <span class='ocrx_word' id='word_1_205' title='bbox 409 2229 446 2252; x_wconf 85' lang='lat' dir='ltr'>ae</span> <span class='ocrx_word' id='word_1_206' title='bbox 471 2219 565 2252; x_wconf 89' lang='lat' dir='ltr'>cuius</span> <span class='ocrx_word' id='word_1_207' title='bbox 586 2225 617 2252; x_wconf 88' lang='lat' dir='ltr'>et.</span> <span class='ocrx_word' id='word_1_208' title='bbox 636 2219 681 2251; x_wconf 93' lang='lat' dir='ltr'>illi</span> <span class='ocrx_word' id='word_1_209' title='bbox 698 2218 804 2250; x_wconf 74' lang='lat' dir='ltr'>forsan</span> <span class='ocrx_word' id='word_1_210' title='bbox 822 2226 1020 2250; x_wconf 85' lang='lat' dir='ltr'>annexorum</span> 
     </span>
     <span class='ocr_line' id='line_1_44' title="bbox 271 2271 1021 2316; baseline -0.004 -11"><span class='ocrx_word' id='word_1_211' title='bbox 271 2273 407 2313; x_wconf 84' lang='lat' dir='ltr'>fructus,</span> <span class='ocrx_word' id='word_1_212' title='bbox 437 2273 560 2306; x_wconf 89' lang='lat' dir='ltr'>reditus</span> <span class='ocrx_word' id='word_1_213' title='bbox 588 2278 618 2306; x_wconf 89' lang='lat' dir='ltr'>et</span> <span class='ocrx_word' id='word_1_214' title='bbox 650 2276 822 2316; x_wconf 81' lang='lat' dir='ltr'>proventus</span> <span class='ocrx_word' id='word_1_215' title='bbox 848 2280 902 2304; x_wconf 84' lang='lat' dir='ltr'>ccc</span> <span class='ocrx_word' id='word_1_216' title='bbox 922 2271 1021 2303; x_wconf 85' lang='lat' dir='ltr'>duca-</span> 
     </span>
     <span class='ocr_line' id='line_1_45' title="bbox 271 2325 1021 2362; baseline -0.007 -2"><span class='ocrx_word' id='word_1_217' title='bbox 271 2332 378 2360; x_wconf 87' lang='lat' dir='ltr'>torum</span> <span class='ocrx_word' id='word_1_218' title='bbox 400 2328 470 2361; x_wconf 90' lang='lat' dir='ltr'>auri</span> <span class='ocrx_word' id='word_1_219' title='bbox 495 2329 535 2361; x_wconf 90' lang='lat' dir='ltr'>de</span> <span class='ocrx_word' id='word_1_220' title='bbox 563 2328 698 2362; x_wconf 78' lang='lat' dir='ltr'>Camcra</span> <span class='ocrx_word' id='word_1_221' title='bbox 726 2325 905 2359; x_wconf 88' lang='lat' dir='ltr'>seeundum</span> <span class='ocrx_word' id='word_1_222' title='bbox 933 2335 1021 2358; x_wconf 90' lang='lat' dir='ltr'>com-</span> 
     </span>
    </p>
   </div>
   <div class='ocr_carea' id='block_1_5' title="bbox 271 2381 1022 2678">
    <p class='ocr_par' dir='ltr' id='par_1_6' title="bbox 271 2381 1022 2678">
     <span class='ocr_line' id='line_1_46' title="bbox 271 2381 1019 2421; baseline -0.004 -6"><span class='ocrx_word' id='word_1_223' title='bbox 271 2392 404 2415; x_wconf 86' lang='lat' dir='ltr'>munem</span> <span class='ocrx_word' id='word_1_224' title='bbox 423 2382 678 2415; x_wconf 81' lang='lat' dir='ltr'>aestimationem</span> <span class='ocrx_word' id='word_1_225' title='bbox 702 2381 842 2413; x_wconf 89' lang='lat' dir='ltr'>valorem</span> <span class='ocrx_word' id='word_1_226' title='bbox 863 2390 1019 2421; x_wconf 83' lang='lat' dir='ltr'>annuum,</span> 
     </span>
     <span class='ocr_line' id='line_1_47' title="bbox 271 2429 1021 2476; baseline -0.001 -13"><span class='ocrx_word' id='word_1_227' title='bbox 271 2435 309 2463; x_wconf 83' lang='lat' dir='ltr'>ut</span> <span class='ocrx_word' id='word_1_228' title='bbox 332 2431 427 2464; x_wconf 86' lang='lat' dir='ltr'>etiam</span> <span class='ocrx_word' id='word_1_229' title='bbox 449 2432 647 2476; x_wconf 87' lang='lat' dir='ltr'>accepimus,</span> <span class='ocrx_word' id='word_1_230' title='bbox 677 2442 741 2464; x_wconf 93' lang='lat' dir='ltr'>non</span> <span class='ocrx_word' id='word_1_231' title='bbox 766 2429 934 2468; x_wconf 85' lang='lat' dir='ltr'>excedunt,</span> <span class='ocrx_word' id='word_1_232' title='bbox 958 2429 1021 2462; x_wconf 83' lang='lat' dir='ltr'>sive</span> 
     </span>
     <span class='ocr_line' id='line_1_48' title="bbox 272 2478 1021 2525; baseline -0.003 -13"><span class='ocrx_word' id='word_1_233' title='bbox 272 2480 452 2523; x_wconf 80' lang='lat' dir='ltr'>capellania</span> <span class='ocrx_word' id='word_1_234' title='bbox 486 2481 685 2525; x_wconf 85' lang='lat' dir='ltr'>praemisso,</span> <span class='ocrx_word' id='word_1_235' title='bbox 712 2480 775 2513; x_wconf 85' lang='lat' dir='ltr'>sive</span> <span class='ocrx_word' id='word_1_236' title='bbox 802 2478 874 2518; x_wconf 88' lang='lat' dir='ltr'>alio,</span> <span class='ocrx_word' id='word_1_237' title='bbox 900 2483 930 2511; x_wconf 87' lang='lat' dir='ltr'>et</span> <span class='ocrx_word' id='word_1_238' title='bbox 959 2484 1021 2511; x_wconf 82' lang='lat' dir='ltr'>tam</span> 
     </span>
     <span class='ocr_line' id='line_1_49' title="bbox 271 2529 1020 2575; baseline -0.004 -11"><span class='ocrx_word' id='word_1_239' title='bbox 271 2531 327 2564; x_wconf 89' lang='lat' dir='ltr'>illa</span> <span class='ocrx_word' id='word_1_240' title='bbox 348 2542 445 2575; x_wconf 88' lang='lat' dir='ltr'>quam</span> <span class='ocrx_word' id='word_1_241' title='bbox 473 2531 706 2566; x_wconf 81' lang='lat' dir='ltr'>monasterinm</span> <span class='ocrx_word' id='word_1_242' title='bbox 739 2530 924 2563; x_wconf 85' lang='lat' dir='ltr'>huiusmodi</span> <span class='ocrx_word' id='word_1_243' title='bbox 950 2529 1020 2573; x_wconf 87' lang='lat' dir='ltr'>qui-</span> 
     </span>
     <span class='ocr_line' id='line_1_50' title="bbox 271 2581 1021 2624; baseline -0.008 -8"><span class='ocrx_word' id='word_1_244' title='bbox 271 2581 380 2616; x_wconf 84' lang='lat' dir='ltr'>busvis</span> <span class='ocrx_word' id='word_1_245' title='bbox 400 2583 504 2616; x_wconf 89' lang='lat' dir='ltr'>modis</span> <span class='ocrx_word' id='word_1_246' title='bbox 520 2588 551 2615; x_wconf 91' lang='lat' dir='ltr'>et</span> <span class='ocrx_word' id='word_1_247' title='bbox 571 2593 606 2615; x_wconf 83' lang='lat' dir='ltr'>ex</span> <span class='ocrx_word' id='word_1_248' title='bbox 628 2581 764 2614; x_wconf 87' lang='lat' dir='ltr'>aliorum</span> <span class='ocrx_word' id='word_1_249' title='bbox 786 2589 1021 2624; x_wconf 86' lang='lat' dir='ltr'>quorumcum-</span> 
     </span>
     <span class='ocr_line' id='line_1_51' title="bbox 273 2627 1022 2678; baseline -0.005 -13"><span class='ocrx_word' id='word_1_250' title='bbox 273 2641 336 2678; x_wconf 88' lang='lat' dir='ltr'>que</span> <span class='ocrx_word' id='word_1_251' title='bbox 355 2632 515 2676; x_wconf 86' lang='lat' dir='ltr'>personis,</span> <span class='ocrx_word' id='word_1_252' title='bbox 543 2642 598 2665; x_wconf 88' lang='lat' dir='ltr'>seu</span> <span class='ocrx_word' id='word_1_253' title='bbox 628 2641 686 2675; x_wconf 90' lang='lat' dir='ltr'>per</span> <span class='ocrx_word' id='word_1_254' title='bbox 706 2629 841 2663; x_wconf 76' lang='lat' dir='ltr'>liberam</span> <span class='ocrx_word' id='word_1_255' title='bbox 871 2628 947 2662; x_wconf 89' lang='lat' dir='ltr'>dieti</span> <span class='ocrx_word' id='word_1_256' title='bbox 978 2627 1022 2661; x_wconf 91' lang='lat' dir='ltr'>Io-</span> 
     </span>
    </p>
   </div>
   <div class='ocr_carea' id='block_1_6' title="bbox 1704 216 1764 251">
    <p class='ocr_par' dir='ltr' id='par_1_7' title="bbox 1704 216 1764 251">
     <span class='ocr_line' id='line_1_52' title="bbox 1704 216 1764 251; baseline 0.017 -1"><span class='ocrx_word' id='word_1_257' title='bbox 1704 216 1764 251; x_wconf 78' lang='lat'>981</span> 
     </span>
    </p>
   </div>
   <div class='ocr_carea' id='block_1_7' title="bbox 1063 279 1815 2668">
    <p class='ocr_par' dir='ltr' id='par_1_8' title="bbox 1063 279 1815 2668">
     <span class='ocr_line' id='line_1_53' title="bbox 1064 279 1813 322; baseline -0.001 -9"><span class='ocrx_word' id='word_1_258' title='bbox 1064 281 1156 313; x_wconf 90' lang='lat' dir='ltr'>annis</span> <span class='ocrx_word' id='word_1_259' title='bbox 1177 280 1259 314; x_wconf 80' lang='lat' dir='ltr'>Petri</span> <span class='ocrx_word' id='word_1_260' title='bbox 1282 281 1329 314; x_wconf 88' lang='lat' dir='ltr'>vel</span> <span class='ocrx_word' id='word_1_261' title='bbox 1355 280 1487 314; x_wconf 78' lang='lat' dir='ltr'>alterius</span> <span class='ocrx_word' id='word_1_262' title='bbox 1508 279 1756 322; x_wconf 81' lang='lat' dir='ltr'>resignationem</span> <span class='ocrx_word' id='word_1_263' title='bbox 1774 279 1813 312; x_wconf 89' lang='lat' dir='ltr'>de</span> 
     </span>
     <span class='ocr_line' id='line_1_54' title="bbox 1064 333 1814 378; baseline 0 -12"><span class='ocrx_word' id='word_1_264' title='bbox 1064 334 1244 378; x_wconf 82' lang='lat' dir='ltr'>capellania</span> <span class='ocrx_word' id='word_1_265' title='bbox 1268 345 1305 367; x_wconf 86' lang='lat' dir='ltr'>ae</span> <span class='ocrx_word' id='word_1_266' title='bbox 1326 334 1501 368; x_wconf 85' lang='lat' dir='ltr'>cessionem</span> <span class='ocrx_word' id='word_1_267' title='bbox 1529 333 1670 367; x_wconf 77' lang='lat' dir='ltr'>cuiusvis</span> <span class='ocrx_word' id='word_1_268' title='bbox 1698 333 1735 366; x_wconf 89' lang='lat' dir='ltr'>de</span> <span class='ocrx_word' id='word_1_269' title='bbox 1769 344 1814 366; x_wconf 87' lang='lat' dir='ltr'>re-</span> 
     </span>
     <span class='ocr_line' id='line_1_55' title="bbox 1063 387 1813 431; baseline 0 -12"><span class='ocrx_word' id='word_1_270' title='bbox 1063 388 1182 431; x_wconf 82' lang='lat' dir='ltr'>gimine</span> <span class='ocrx_word' id='word_1_271' title='bbox 1203 394 1232 421; x_wconf 89' lang='lat' dir='ltr'>et</span> <span class='ocrx_word' id='word_1_272' title='bbox 1252 388 1529 421; x_wconf 77' lang='lat' dir='ltr'>administratione</span> <span class='ocrx_word' id='word_1_273' title='bbox 1550 387 1736 420; x_wconf 79' lang='lat' dir='ltr'>monasterii</span> <span class='ocrx_word' id='word_1_274' title='bbox 1751 387 1813 420; x_wconf 87' lang='lat' dir='ltr'>liu-</span> 
     </span>
     <span class='ocr_line' id='line_1_56' title="bbox 1064 441 1810 481; baseline -0.001 -8"><span class='ocrx_word' id='word_1_275' title='bbox 1064 441 1203 474; x_wconf 73' lang='lat' dir='ltr'>iusmcdi</span> <span class='ocrx_word' id='word_1_276' title='bbox 1224 442 1253 474; x_wconf 89' lang='lat' dir='ltr'>in</span> <span class='ocrx_word' id='word_1_277' title='bbox 1275 442 1418 475; x_wconf 74' lang='lat' dir='ltr'>Romana</span> <span class='ocrx_word' id='word_1_278' title='bbox 1435 441 1530 475; x_wconf 88' lang='lat' dir='ltr'>Curia</span> <span class='ocrx_word' id='word_1_279' title='bbox 1546 442 1591 474; x_wconf 89' lang='lat' dir='ltr'>vel</span> <span class='ocrx_word' id='word_1_280' title='bbox 1614 446 1700 474; x_wconf 89' lang='lat' dir='ltr'>extra</span> <span class='ocrx_word' id='word_1_281' title='bbox 1728 451 1810 481; x_wconf 84' lang='lat' dir='ltr'>eam,</span> 
     </span>
     <span class='ocr_line' id='line_1_57' title="bbox 1064 494 1814 538; baseline -0.001 -11"><span class='ocrx_word' id='word_1_282' title='bbox 1064 495 1158 527; x_wconf 82' lang='lat' dir='ltr'>ctiam</span> <span class='ocrx_word' id='word_1_283' title='bbox 1179 506 1287 528; x_wconf 79' lang='lat' dir='ltr'>coram</span> <span class='ocrx_word' id='word_1_284' title='bbox 1308 495 1434 528; x_wconf 90' lang='lat' dir='ltr'>notario</span> <span class='ocrx_word' id='word_1_285' title='bbox 1466 495 1597 538; x_wconf 82' lang='lat' dir='ltr'>publico</span> <span class='ocrx_word' id='word_1_286' title='bbox 1627 499 1657 527; x_wconf 85' lang='lat' dir='ltr'>et</span> <span class='ocrx_word' id='word_1_287' title='bbox 1682 494 1814 527; x_wconf 75' lang='lat' dir='ltr'>testibus</span> 
     </span>
     <span class='ocr_line' id='line_1_58' title="bbox 1064 548 1813 593; baseline -0.001 -11"><span class='ocrx_word' id='word_1_288' title='bbox 1064 555 1178 593; x_wconf 89' lang='lat' dir='ltr'>sponte</span> <span class='ocrx_word' id='word_1_289' title='bbox 1200 550 1318 591; x_wconf 81' lang='lat' dir='ltr'>saetas,</span> <span class='ocrx_word' id='word_1_290' title='bbox 1351 555 1405 582; x_wconf 84' lang='lat' dir='ltr'>aut</span> <span class='ocrx_word' id='word_1_291' title='bbox 1434 548 1611 593; x_wconf 80' lang='lat' dir='ltr'>capellania</span> <span class='ocrx_word' id='word_1_292' title='bbox 1645 558 1703 592; x_wconf 88' lang='lat' dir='ltr'>per</span> <span class='ocrx_word' id='word_1_293' title='bbox 1727 559 1813 581; x_wconf 88' lang='lat' dir='ltr'>asse-</span> 
     </span>
     <span class='ocr_line' id='line_1_59' title="bbox 1064 601 1811 642; baseline -0.003 -6"><span class='ocrx_word' id='word_1_294' title='bbox 1064 603 1227 636; x_wconf 86' lang='lat' dir='ltr'>cutionem</span> <span class='ocrx_word' id='word_1_295' title='bbox 1249 603 1381 635; x_wconf 81' lang='lat' dir='ltr'>alterius</span> <span class='ocrx_word' id='word_1_296' title='bbox 1410 602 1558 635; x_wconf 77' lang='lat' dir='ltr'>beneficii</span> <span class='ocrx_word' id='word_1_297' title='bbox 1591 601 1811 642; x_wconf 80' lang='lat' dir='ltr'>ecclesiastici,</span> 
     </span>
     <span class='ocr_line' id='line_1_60' title="bbox 1065 656 1813 701; baseline -0.001 -12"><span class='ocrx_word' id='word_1_298' title='bbox 1065 657 1177 701; x_wconf 75' lang='lat' dir='ltr'>quavis</span> <span class='ocrx_word' id='word_1_299' title='bbox 1201 657 1390 690; x_wconf 80' lang='lat' dir='ltr'>anctoritate</span> <span class='ocrx_word' id='word_1_300' title='bbox 1416 657 1535 693; x_wconf 86' lang='lat' dir='ltr'>collati,</span> <span class='ocrx_word' id='word_1_301' title='bbox 1551 661 1671 696; x_wconf 79' lang='lat' dir='ltr'>vacent,</span> <span class='ocrx_word' id='word_1_302' title='bbox 1690 656 1813 688; x_wconf 80' lang='lat' dir='ltr'>etiamsi</span> 
     </span>
     <span class='ocr_line' id='line_1_61' title="bbox 1066 709 1814 754; baseline -0.001 -11"><span class='ocrx_word' id='word_1_303' title='bbox 1066 717 1152 744; x_wconf 85' lang='lat' dir='ltr'>tanto</span> <span class='ocrx_word' id='word_1_304' title='bbox 1179 717 1322 754; x_wconf 64' lang='lat' dir='ltr'>tempori·</span> <span class='ocrx_word' id='word_1_305' title='bbox 1349 711 1548 751; x_wconf 76' lang='lat' dir='ltr'>vacaverint,</span> <span class='ocrx_word' id='word_1_306' title='bbox 1583 709 1669 753; x_wconf 85' lang='lat' dir='ltr'>quod</span> <span class='ocrx_word' id='word_1_307' title='bbox 1706 710 1814 753; x_wconf 69' lang='lat' dir='ltr'>capel-</span> 
     </span>
     <span class='ocr_line' id='line_1_62' title="bbox 1065 763 1813 799; baseline -0.001 -2"><span class='ocrx_word' id='word_1_308' title='bbox 1065 765 1168 798; x_wconf 82' lang='lat' dir='ltr'>laniae</span> <span class='ocrx_word' id='word_1_309' title='bbox 1197 765 1325 798; x_wconf 83' lang='lat' dir='ltr'>collatio</span> <span class='ocrx_word' id='word_1_310' title='bbox 1351 770 1382 799; x_wconf 92' lang='lat' dir='ltr'>et</span> <span class='ocrx_word' id='word_1_311' title='bbox 1414 764 1601 798; x_wconf 81' lang='lat' dir='ltr'>monasterii</span> <span class='ocrx_word' id='word_1_312' title='bbox 1628 763 1813 797; x_wconf 87' lang='lat' dir='ltr'>huiusmodi</span> 
     </span>
     <span class='ocr_line' id='line_1_63' title="bbox 1065 818 1813 862; baseline 0 -13"><span class='ocrx_word' id='word_1_313' title='bbox 1065 818 1214 862; x_wconf 85' lang='lat' dir='ltr'>provisio,</span> <span class='ocrx_word' id='word_1_314' title='bbox 1244 819 1329 851; x_wconf 83' lang='lat' dir='ltr'>iuxta</span> <span class='ocrx_word' id='word_1_315' title='bbox 1350 818 1571 853; x_wconf 84' lang='lat' dir='ltr'>Lateranonsis</span> <span class='ocrx_word' id='word_1_316' title='bbox 1593 822 1711 850; x_wconf 77' lang='lat' dir='ltr'>statuta</span> <span class='ocrx_word' id='word_1_317' title='bbox 1735 827 1813 850; x_wconf 89' lang='lat' dir='ltr'>con-</span> 
     </span>
     <span class='ocr_line' id='line_1_64' title="bbox 1065 872 1814 912; baseline -0.003 -6"><span class='ocrx_word' id='word_1_318' title='bbox 1065 873 1131 906; x_wconf 89' lang='lat' dir='ltr'>cilii</span> <span class='ocrx_word' id='word_1_319' title='bbox 1152 879 1207 906; x_wconf 90' lang='lat' dir='ltr'>aut</span> <span class='ocrx_word' id='word_1_320' title='bbox 1237 874 1315 906; x_wconf 77' lang='lat' dir='ltr'>alias</span> <span class='ocrx_word' id='word_1_321' title='bbox 1347 873 1520 906; x_wconf 83' lang='lat' dir='ltr'>canonicas</span> <span class='ocrx_word' id='word_1_322' title='bbox 1550 872 1744 912; x_wconf 75' lang='lat' dir='ltr'>sanctiones,</span> <span class='ocrx_word' id='word_1_323' title='bbox 1775 872 1814 904; x_wconf 90' lang='lat' dir='ltr'>ad</span> 
     </span>
     <span class='ocr_line' id='line_1_65' title="bbox 1064 925 1813 970; baseline -0.004 -10"><span class='ocrx_word' id='word_1_324' title='bbox 1064 927 1176 960; x_wconf 87' lang='lat' dir='ltr'>Sedem</span> <span class='ocrx_word' id='word_1_325' title='bbox 1193 927 1389 970; x_wconf 64' lang='lat' dir='ltr'>praedietfnn</span> <span class='ocrx_word' id='word_1_326' title='bbox 1415 926 1556 969; x_wconf 75' lang='lat' dir='ltr'>legitime</span> <span class='ocrx_word' id='word_1_327' title='bbox 1582 926 1741 966; x_wconf 82' lang='lat' dir='ltr'>devoluta,</span> <span class='ocrx_word' id='word_1_328' title='bbox 1765 925 1813 969; x_wconf 83' lang='lat' dir='ltr'>ip-</span> 
     </span>
     <span class='ocr_line' id='line_1_66' title="bbox 1065 979 1813 1026; baseline -0.004 -11"><span class='ocrx_word' id='word_1_329' title='bbox 1065 993 1162 1025; x_wconf 80' lang='lat' dir='ltr'>saque</span> <span class='ocrx_word' id='word_1_330' title='bbox 1183 982 1361 1026; x_wconf 81' lang='lat' dir='ltr'>capellania</span> <span class='ocrx_word' id='word_1_331' title='bbox 1395 980 1595 1025; x_wconf 87' lang='lat' dir='ltr'>dispositioni</span> <span class='ocrx_word' id='word_1_332' title='bbox 1620 979 1813 1023; x_wconf 77' lang='lat' dir='ltr'>apostolieae</span> 
     </span>
     <span class='ocr_line' id='line_1_67' title="bbox 1065 1034 1813 1079; baseline -0.001 -12"><span class='ocrx_word' id='word_1_333' title='bbox 1065 1036 1247 1079; x_wconf 76' lang='lat' dir='ltr'>specialiter</span> <span class='ocrx_word' id='word_1_334' title='bbox 1272 1041 1325 1068; x_wconf 89' lang='lat' dir='ltr'>aut</span> <span class='ocrx_word' id='word_1_335' title='bbox 1346 1035 1423 1068; x_wconf 81' lang='lat' dir='ltr'>alias</span> <span class='ocrx_word' id='word_1_336' title='bbox 1443 1034 1636 1078; x_wconf 79' lang='lat' dir='ltr'>generaliter</span> <span class='ocrx_word' id='word_1_337' title='bbox 1656 1038 1813 1067; x_wconf 82' lang='lat' dir='ltr'>reservata</span> 
     </span>
     <span class='ocr_line' id='line_1_68' title="bbox 1065 1087 1812 1133; baseline -0.003 -11"><span class='ocrx_word' id='word_1_338' title='bbox 1065 1089 1186 1129; x_wconf 82' lang='lat' dir='ltr'>existat,</span> <span class='ocrx_word' id='word_1_339' title='bbox 1219 1095 1248 1122; x_wconf 83' lang='lat' dir='ltr'>et</span> <span class='ocrx_word' id='word_1_340' title='bbox 1281 1089 1421 1133; x_wconf 80' lang='lat' dir='ltr'>provisio</span> <span class='ocrx_word' id='word_1_341' title='bbox 1446 1088 1521 1121; x_wconf 88' lang='lat' dir='ltr'>dieti</span> <span class='ocrx_word' id='word_1_342' title='bbox 1556 1087 1741 1121; x_wconf 86' lang='lat' dir='ltr'>monasterii</span> <span class='ocrx_word' id='word_1_343' title='bbox 1776 1098 1812 1120; x_wconf 83' lang='lat' dir='ltr'>ex</span> 
     </span>
     <span class='ocr_line' id='line_1_69' title="bbox 1065 1141 1811 1187; baseline -0.001 -12"><span class='ocrx_word' id='word_1_344' title='bbox 1065 1143 1177 1187; x_wconf 83' lang='lat' dir='ltr'>quavis</span> <span class='ocrx_word' id='word_1_345' title='bbox 1197 1154 1292 1176; x_wconf 87' lang='lat' dir='ltr'>eausa</span> <span class='ocrx_word' id='word_1_346' title='bbox 1319 1144 1357 1175; x_wconf 85' lang='lat' dir='ltr'>ad</span> <span class='ocrx_word' id='word_1_347' title='bbox 1378 1143 1492 1176; x_wconf 86' lang='lat' dir='ltr'>Sedem</span> <span class='ocrx_word' id='word_1_348' title='bbox 1518 1142 1664 1175; x_wconf 88' lang='lat' dir='ltr'>eamdem</span> <span class='ocrx_word' id='word_1_349' title='bbox 1689 1141 1811 1185; x_wconf 78' lang='lat' dir='ltr'>specia-</span> 
     </span>
     <span class='ocr_line' id='line_1_70' title="bbox 1065 1196 1813 1240; baseline -0.003 -10"><span class='ocrx_word' id='word_1_350' title='bbox 1065 1198 1137 1230; x_wconf 84' lang='lat' dir='ltr'>liter</span> <span class='ocrx_word' id='word_1_351' title='bbox 1155 1198 1202 1230; x_wconf 90' lang='lat' dir='ltr'>vel</span> <span class='ocrx_word' id='word_1_352' title='bbox 1223 1198 1418 1240; x_wconf 75' lang='lat' dir='ltr'>generaliter</span> <span class='ocrx_word' id='word_1_353' title='bbox 1439 1197 1608 1240; x_wconf 82' lang='lat' dir='ltr'>pertineat,</span> <span class='ocrx_word' id='word_1_354' title='bbox 1631 1207 1668 1229; x_wconf 89' lang='lat' dir='ltr'>ae</span> <span class='ocrx_word' id='word_1_355' title='bbox 1685 1196 1723 1229; x_wconf 91' lang='lat' dir='ltr'>de</span> <span class='ocrx_word' id='word_1_356' title='bbox 1744 1196 1813 1239; x_wconf 91' lang='lat' dir='ltr'>ipso</span> 
     </span>
     <span class='ocr_line' id='line_1_71' title="bbox 1066 1248 1812 1293; baseline -0.001 -10"><span class='ocrx_word' id='word_1_357' title='bbox 1066 1251 1261 1284; x_wconf 86' lang='lat' dir='ltr'>monasterio</span> <span class='ocrx_word' id='word_1_358' title='bbox 1286 1249 1551 1284; x_wconf 84' lang='lat' dir='ltr'>consistorialiter</span> <span class='ocrx_word' id='word_1_359' title='bbox 1576 1248 1703 1293; x_wconf 83' lang='lat' dir='ltr'>disponi</span> <span class='ocrx_word' id='word_1_360' title='bbox 1735 1259 1812 1282; x_wconf 89' lang='lat' dir='ltr'>con-</span> 
     </span>
     <span class='ocr_line' id='line_1_72' title="bbox 1065 1305 1815 1347; baseline -0.003 -10"><span class='ocrx_word' id='word_1_361' title='bbox 1065 1305 1205 1337; x_wconf 81' lang='lat' dir='ltr'>sueverit</span> <span class='ocrx_word' id='word_1_362' title='bbox 1230 1316 1286 1338; x_wconf 86' lang='lat' dir='ltr'>seu</span> <span class='ocrx_word' id='word_1_363' title='bbox 1307 1305 1439 1345; x_wconf 80' lang='lat' dir='ltr'>debeat3</span> <span class='ocrx_word' id='word_1_364' title='bbox 1462 1315 1588 1337; x_wconf 76' lang='lat' dir='ltr'>necnon</span> <span class='ocrx_word' id='word_1_365' title='bbox 1613 1314 1712 1347; x_wconf 84' lang='lat' dir='ltr'>super</span> <span class='ocrx_word' id='word_1_366' title='bbox 1743 1314 1815 1346; x_wconf 85' lang='lat' dir='ltr'>eap-</span> 
     </span>
     <span class='ocr_line' id='line_1_73' title="bbox 1065 1356 1814 1401; baseline -0.003 -11"><span class='ocrx_word' id='word_1_367' title='bbox 1065 1358 1182 1391; x_wconf 85' lang='lat' dir='ltr'>ellania</span> <span class='ocrx_word' id='word_1_368' title='bbox 1217 1370 1254 1391; x_wconf 87' lang='lat' dir='ltr'>ae</span> <span class='ocrx_word' id='word_1_369' title='bbox 1289 1358 1445 1401; x_wconf 78' lang='lat' dir='ltr'>regimine</span> <span class='ocrx_word' id='word_1_370' title='bbox 1476 1364 1507 1390; x_wconf 85' lang='lat' dir='ltr'>et</span> <span class='ocrx_word' id='word_1_371' title='bbox 1537 1356 1814 1390; x_wconf 84' lang='lat' dir='ltr'>administratione</span> 
     </span>
     <span class='ocr_line' id='line_1_74' title="bbox 1065 1410 1812 1454; baseline -0.004 -9"><span class='ocrx_word' id='word_1_372' title='bbox 1065 1413 1250 1446; x_wconf 87' lang='lat' dir='ltr'>monasterii</span> <span class='ocrx_word' id='word_1_373' title='bbox 1276 1412 1463 1446; x_wconf 87' lang='lat' dir='ltr'>huiusmodi</span> <span class='ocrx_word' id='word_1_374' title='bbox 1496 1411 1579 1445; x_wconf 89' lang='lat' dir='ltr'>inter</span> <span class='ocrx_word' id='word_1_375' title='bbox 1609 1411 1734 1454; x_wconf 87' lang='lat' dir='ltr'>aliquos</span> <span class='ocrx_word' id='word_1_376' title='bbox 1763 1410 1812 1450; x_wconf 83' lang='lat' dir='ltr'>lis,</span> 
     </span>
     <span class='ocr_line' id='line_1_75' title="bbox 1065 1465 1815 1510; baseline -0.003 -11"><span class='ocrx_word' id='word_1_377' title='bbox 1065 1466 1158 1499; x_wconf 90' lang='lat' dir='ltr'>cuius</span> <span class='ocrx_word' id='word_1_378' title='bbox 1178 1472 1307 1504; x_wconf 84' lang='lat' dir='ltr'>statum,</span> <span class='ocrx_word' id='word_1_379' title='bbox 1330 1477 1508 1510; x_wconf 84' lang='lat' dir='ltr'>verumque</span> <span class='ocrx_word' id='word_1_380' title='bbox 1528 1471 1559 1499; x_wconf 90' lang='lat' dir='ltr'>et</span> <span class='ocrx_word' id='word_1_381' title='bbox 1579 1465 1730 1499; x_wconf 89' lang='lat' dir='ltr'>ultimum</span> <span class='ocrx_word' id='word_1_382' title='bbox 1748 1475 1815 1498; x_wconf 50' lang='lat' dir='ltr'>mov</span> 
     </span>
     <span class='ocr_line' id='line_1_76' title="bbox 1066 1520 1815 1565; baseline 0 -13"><span class='ocrx_word' id='word_1_383' title='bbox 1066 1521 1196 1553; x_wconf 76' lang='lat' dir='ltr'>nasterii</span> <span class='ocrx_word' id='word_1_384' title='bbox 1217 1526 1248 1554; x_wconf 86' lang='lat' dir='ltr'>et</span> <span class='ocrx_word' id='word_1_385' title='bbox 1268 1520 1466 1565; x_wconf 84' lang='lat' dir='ltr'>capellaniae</span> <span class='ocrx_word' id='word_1_386' title='bbox 1497 1520 1736 1564; x_wconf 86' lang='lat' dir='ltr'>praedictorum</span> <span class='ocrx_word' id='word_1_387' title='bbox 1766 1530 1815 1552; x_wconf 90' lang='lat' dir='ltr'>va-</span> 
     </span>
     <span class='ocr_line' id='line_1_77' title="bbox 1066 1573 1814 1618; baseline -0.003 -10"><span class='ocrx_word' id='word_1_388' title='bbox 1066 1576 1201 1609; x_wconf 84' lang='lat' dir='ltr'>cationis</span> <span class='ocrx_word' id='word_1_389' title='bbox 1228 1576 1373 1616; x_wconf 88' lang='lat' dir='ltr'>modum,</span> <span class='ocrx_word' id='word_1_390' title='bbox 1397 1575 1522 1608; x_wconf 88' lang='lat' dir='ltr'>etiamsi</span> <span class='ocrx_word' id='word_1_391' title='bbox 1543 1585 1580 1607; x_wconf 79' lang='lat' dir='ltr'>ex</span> <span class='ocrx_word' id='word_1_392' title='bbox 1602 1575 1656 1607; x_wconf 92' lang='lat' dir='ltr'>illo</span> <span class='ocrx_word' id='word_1_393' title='bbox 1685 1573 1814 1618; x_wconf 86' lang='lat' dir='ltr'>quaevis</span> 
     </span>
     <span class='ocr_line' id='line_1_78' title="bbox 1065 1627 1815 1672; baseline -0.004 -10"><span class='ocrx_word' id='word_1_394' title='bbox 1065 1629 1224 1672; x_wconf 75' lang='lat' dir='ltr'>generalis</span> <span class='ocrx_word' id='word_1_395' title='bbox 1246 1629 1430 1670; x_wconf 76' lang='lat' dir='ltr'>reservatio,</span> <span class='ocrx_word' id='word_1_396' title='bbox 1453 1629 1547 1661; x_wconf 90' lang='lat' dir='ltr'>etiam</span> <span class='ocrx_word' id='word_1_397' title='bbox 1570 1627 1601 1660; x_wconf 94' lang='lat' dir='ltr'>in</span> <span class='ocrx_word' id='word_1_398' title='bbox 1615 1638 1751 1672; x_wconf 87' lang='lat' dir='ltr'>corpore</span> <span class='ocrx_word' id='word_1_399' title='bbox 1767 1627 1815 1659; x_wconf 87' lang='lat' dir='ltr'>iu-</span> 
     </span>
     <span class='ocr_line' id='line_1_79' title="bbox 1066 1680 1814 1726; baseline -0.004 -10"><span class='ocrx_word' id='word_1_400' title='bbox 1066 1684 1108 1716; x_wconf 83' lang='lat' dir='ltr'>ris</span> <span class='ocrx_word' id='word_1_401' title='bbox 1129 1684 1248 1724; x_wconf 88' lang='lat' dir='ltr'>clausa,</span> <span class='ocrx_word' id='word_1_402' title='bbox 1273 1684 1416 1722; x_wconf 81' lang='lat' dir='ltr'>resultet,</span> <span class='ocrx_word' id='word_1_403' title='bbox 1450 1682 1673 1726; x_wconf 86' lang='lat' dir='ltr'>praesentibus</span> <span class='ocrx_word' id='word_1_404' title='bbox 1702 1680 1814 1714; x_wconf 90' lang='lat' dir='ltr'>haberi</span> 
     </span>
     <span class='ocr_line' id='line_1_80' title="bbox 1066 1735 1812 1781; baseline 0 -13"><span class='ocrx_word' id='word_1_405' title='bbox 1066 1738 1212 1770; x_wconf 86' lang='lat' dir='ltr'>volumus</span> <span class='ocrx_word' id='word_1_406' title='bbox 1232 1748 1291 1780; x_wconf 87' lang='lat' dir='ltr'>pro</span> <span class='ocrx_word' id='word_1_407' title='bbox 1312 1736 1481 1781; x_wconf 73' lang='lat' dir='ltr'>expressis,</span> <span class='ocrx_word' id='word_1_408' title='bbox 1505 1736 1644 1780; x_wconf 87' lang='lat' dir='ltr'>pendeat</span> <span class='ocrx_word' id='word_1_409' title='bbox 1659 1735 1812 1775; x_wconf 88' lang='lat' dir='ltr'>indecisa,</span> 
     </span>
     <span class='ocr_line' id='line_1_81' title="bbox 1065 1789 1814 1833; baseline -0.003 -10"><span class='ocrx_word' id='word_1_410' title='bbox 1065 1802 1138 1823; x_wconf 79' lang='lat' dir='ltr'>enm</span> <span class='ocrx_word' id='word_1_411' title='bbox 1161 1791 1304 1832; x_wconf 84' lang='lat' dir='ltr'>annexis,</span> <span class='ocrx_word' id='word_1_412' title='bbox 1329 1790 1495 1830; x_wconf 73' lang='lat' dir='ltr'>membris,</span> <span class='ocrx_word' id='word_1_413' title='bbox 1528 1789 1633 1829; x_wconf 84' lang='lat' dir='ltr'>honis,</span> <span class='ocrx_word' id='word_1_414' title='bbox 1665 1789 1814 1833; x_wconf 89' lang='lat' dir='ltr'>proprie-</span> 
     </span>
     <span class='ocr_line' id='line_1_82' title="bbox 1066 1843 1814 1887; baseline -0.005 -9"><span class='ocrx_word' id='word_1_415' title='bbox 1066 1846 1195 1886; x_wconf 85' lang='lat' dir='ltr'>tatibus,</span> <span class='ocrx_word' id='word_1_416' title='bbox 1219 1845 1508 1885; x_wconf 84' lang='lat' dir='ltr'>iurisdictionibus,</span> <span class='ocrx_word' id='word_1_417' title='bbox 1532 1843 1657 1877; x_wconf 83' lang='lat' dir='ltr'>iuribus</span> <span class='ocrx_word' id='word_1_418' title='bbox 1668 1848 1814 1887; x_wconf 76' lang='lat' dir='ltr'>etpraee-</span> 
     </span>
     <span class='ocr_line' id='line_1_83' title="bbox 1066 1898 1814 1941; baseline -0.004 -9"><span class='ocrx_word' id='word_1_419' title='bbox 1066 1900 1229 1933; x_wconf 84' lang='lat' dir='ltr'>minentiis</span> <span class='ocrx_word' id='word_1_420' title='bbox 1259 1900 1324 1933; x_wconf 85' lang='lat' dir='ltr'>suis</span> <span class='ocrx_word' id='word_1_421' title='bbox 1354 1899 1520 1939; x_wconf 87' lang='lat' dir='ltr'>universis,</span> <span class='ocrx_word' id='word_1_422' title='bbox 1546 1898 1587 1931; x_wconf 85' lang='lat' dir='ltr'>ita</span> <span class='ocrx_word' id='word_1_423' title='bbox 1611 1899 1697 1941; x_wconf 78' lang='lat' dir='ltr'>quod</span> <span class='ocrx_word' id='word_1_424' title='bbox 1719 1898 1814 1930; x_wconf 87' lang='lat' dir='ltr'>liceat</span> 
     </span>
     <span class='ocr_line' id='line_1_84' title="bbox 1066 1951 1814 1997; baseline -0.004 -11"><span class='ocrx_word' id='word_1_425' title='bbox 1066 1965 1102 1987; x_wconf 80' lang='lat' dir='ltr'>ex</span> <span class='ocrx_word' id='word_1_426' title='bbox 1138 1964 1225 1987; x_wconf 87' lang='lat' dir='ltr'>nunc</span> <span class='ocrx_word' id='word_1_427' title='bbox 1259 1954 1359 1997; x_wconf 84' lang='lat' dir='ltr'>ipsius</span> <span class='ocrx_word' id='word_1_428' title='bbox 1395 1951 1522 1996; x_wconf 76' lang='lat' dir='ltr'>collegii</span> <span class='ocrx_word' id='word_1_429' title='bbox 1551 1951 1662 1985; x_wconf 88' lang='lat' dir='ltr'>lectori</span> <span class='ocrx_word' id='word_1_430' title='bbox 1684 1962 1740 1984; x_wconf 76' lang='lat' dir='ltr'>seu</span> <span class='ocrx_word' id='word_1_431' title='bbox 1765 1962 1814 1984; x_wconf 87' lang='lat' dir='ltr'>re-</span> 
     </span>
     <span class='ocr_line' id='line_1_85' title="bbox 1065 2005 1813 2051; baseline -0.007 -10"><span class='ocrx_word' id='word_1_432' title='bbox 1065 2008 1151 2051; x_wconf 80' lang='lat' dir='ltr'>genti</span> <span class='ocrx_word' id='word_1_433' title='bbox 1176 2013 1206 2041; x_wconf 91' lang='lat' dir='ltr'>et</span> <span class='ocrx_word' id='word_1_434' title='bbox 1233 2007 1455 2049; x_wconf 82' lang='lat' dir='ltr'>collegialibus</span> <span class='ocrx_word' id='word_1_435' title='bbox 1480 2016 1537 2050; x_wconf 89' lang='lat' dir='ltr'>pro</span> <span class='ocrx_word' id='word_1_436' title='bbox 1569 2011 1714 2049; x_wconf 85' lang='lat' dir='ltr'>tempore</span> <span class='ocrx_word' id='word_1_437' title='bbox 1748 2005 1813 2037; x_wconf 76' lang='lat' dir='ltr'>exi-</span> 
     </span>
     <span class='ocr_line' id='line_1_86' title="bbox 1065 2059 1812 2102; baseline 0 -11"><span class='ocrx_word' id='word_1_438' title='bbox 1065 2061 1222 2094; x_wconf 72' lang='lat' dir='ltr'>stentibus</span> <span class='ocrx_word' id='word_1_439' title='bbox 1260 2061 1390 2093; x_wconf 88' lang='lat' dir='ltr'>illorum</span> <span class='ocrx_word' id='word_1_440' title='bbox 1427 2059 1573 2092; x_wconf 88' lang='lat' dir='ltr'>omnium</span> <span class='ocrx_word' id='word_1_441' title='bbox 1609 2059 1812 2102; x_wconf 78' lang='lat' dir='ltr'>corporalem</span> 
     </span>
     <span class='ocr_line' id='line_1_87' title="bbox 1065 2112 1812 2159; baseline -0.003 -12"><span class='ocrx_word' id='word_1_442' title='bbox 1065 2115 1299 2159; x_wconf 81' lang='lat' dir='ltr'>possessionem</span> <span class='ocrx_word' id='word_1_443' title='bbox 1321 2125 1378 2158; x_wconf 85' lang='lat' dir='ltr'>per</span> <span class='ocrx_word' id='word_1_444' title='bbox 1399 2125 1431 2146; x_wconf 85' lang='lat' dir='ltr'>se</span> <span class='ocrx_word' id='word_1_445' title='bbox 1450 2114 1497 2146; x_wconf 81' lang='lat' dir='ltr'>vel</span> <span class='ocrx_word' id='word_1_446' title='bbox 1516 2112 1614 2145; x_wconf 83' lang='lat' dir='ltr'>alium</span> <span class='ocrx_word' id='word_1_447' title='bbox 1640 2123 1695 2145; x_wconf 87' lang='lat' dir='ltr'>seu</span> <span class='ocrx_word' id='word_1_448' title='bbox 1722 2112 1812 2152; x_wconf 82' lang='lat' dir='ltr'>alios,</span> 
     </span>
     <span class='ocr_line' id='line_1_88' title="bbox 1065 2167 1813 2210; baseline 0 -11"><span class='ocrx_word' id='word_1_449' title='bbox 1065 2168 1195 2201; x_wconf 86' lang='lat' dir='ltr'>nomine</span> <span class='ocrx_word' id='word_1_450' title='bbox 1217 2168 1359 2201; x_wconf 82' lang='lat' dir='ltr'>eiusdem</span> <span class='ocrx_word' id='word_1_451' title='bbox 1381 2167 1520 2210; x_wconf 76' lang='lat' dir='ltr'>collegii,</span> <span class='ocrx_word' id='word_1_452' title='bbox 1552 2167 1684 2210; x_wconf 89' lang='lat' dir='ltr'>propria</span> <span class='ocrx_word' id='word_1_453' title='bbox 1704 2173 1813 2200; x_wconf 82' lang='lat' dir='ltr'>aucto-</span> 
     </span>
     <span class='ocr_line' id='line_1_89' title="bbox 1065 2220 1812 2264; baseline -0.003 -10"><span class='ocrx_word' id='word_1_454' title='bbox 1065 2222 1170 2261; x_wconf 81' lang='lat' dir='ltr'>ritate,</span> <span class='ocrx_word' id='word_1_455' title='bbox 1203 2223 1323 2264; x_wconf 86' lang='lat' dir='ltr'>absque</span> <span class='ocrx_word' id='word_1_456' title='bbox 1348 2221 1463 2254; x_wconf 85' lang='lat' dir='ltr'>iudicis</span> <span class='ocrx_word' id='word_1_457' title='bbox 1488 2221 1639 2253; x_wconf 86' lang='lat' dir='ltr'>mandato</span> <span class='ocrx_word' id='word_1_458' title='bbox 1673 2221 1721 2253; x_wconf 87' lang='lat' dir='ltr'>vel</span> <span class='ocrx_word' id='word_1_459' title='bbox 1757 2220 1812 2253; x_wconf 84' lang='lat' dir='ltr'>de-</span> 
     </span>
     <span class='ocr_line' id='line_1_90' title="bbox 1065 2274 1812 2319; baseline -0.001 -12"><span class='ocrx_word' id='word_1_460' title='bbox 1065 2281 1165 2313; x_wconf 77' lang='lat' dir='ltr'>creto,</span> <span class='ocrx_word' id='word_1_461' title='bbox 1188 2286 1224 2308; x_wconf 86' lang='lat' dir='ltr'>ac</span> <span class='ocrx_word' id='word_1_462' title='bbox 1245 2274 1337 2319; x_wconf 78' lang='lat' dir='ltr'>spolii</span> <span class='ocrx_word' id='word_1_463' title='bbox 1358 2281 1388 2307; x_wconf 85' lang='lat' dir='ltr'>et</span> <span class='ocrx_word' id='word_1_464' title='bbox 1407 2278 1635 2307; x_wconf 84' lang='lat' dir='ltr'>attentatorum</span> <span class='ocrx_word' id='word_1_465' title='bbox 1664 2274 1753 2314; x_wconf 91' lang='lat' dir='ltr'>vitio,</span> <span class='ocrx_word' id='word_1_466' title='bbox 1775 2274 1812 2306; x_wconf 93' lang='lat' dir='ltr'>li-</span> 
     </span>
     <span class='ocr_line' id='line_1_91' title="bbox 1064 2328 1810 2373; baseline -0.001 -11"><span class='ocrx_word' id='word_1_467' title='bbox 1064 2330 1139 2362; x_wconf 86' lang='lat' dir='ltr'>bere</span> <span class='ocrx_word' id='word_1_468' title='bbox 1154 2329 1418 2373; x_wconf 83' lang='lat' dir='ltr'>appraeliendere</span> <span class='ocrx_word' id='word_1_469' title='bbox 1439 2334 1466 2361; x_wconf 86' lang='lat' dir='ltr'>et</span> <span class='ocrx_word' id='word_1_470' title='bbox 1489 2333 1647 2372; x_wconf 82' lang='lat' dir='ltr'>perpetuo</span> <span class='ocrx_word' id='word_1_471' title='bbox 1658 2328 1810 2368; x_wconf 87' lang='lat' dir='ltr'>retinere,</span> 
     </span>
     <span class='ocr_line' id='line_1_92' title="bbox 1064 2382 1811 2426; baseline 0 -11"><span class='ocrx_word' id='word_1_472' title='bbox 1064 2394 1167 2426; x_wconf 86' lang='lat' dir='ltr'>eaque</span> <span class='ocrx_word' id='word_1_473' title='bbox 1192 2394 1302 2426; x_wconf 77' lang='lat' dir='ltr'>regere</span> <span class='ocrx_word' id='word_1_474' title='bbox 1321 2388 1348 2415; x_wconf 87' lang='lat' dir='ltr'>et</span> <span class='ocrx_word' id='word_1_475' title='bbox 1371 2382 1607 2421; x_wconf 82' lang='lat' dir='ltr'>administrare,</span> <span class='ocrx_word' id='word_1_476' title='bbox 1630 2392 1666 2414; x_wconf 90' lang='lat' dir='ltr'>ac</span> <span class='ocrx_word' id='word_1_477' title='bbox 1682 2382 1811 2422; x_wconf 79' lang='lat' dir='ltr'>fructus,</span> 
     </span>
     <span class='ocr_line' id='line_1_93' title="bbox 1065 2429 1813 2475; baseline -0.001 -10"><span class='ocrx_word' id='word_1_478' title='bbox 1065 2433 1196 2472; x_wconf 74' lang='lat' dir='ltr'>reditus,</span> <span class='ocrx_word' id='word_1_479' title='bbox 1224 2436 1409 2475; x_wconf 83' lang='lat' dir='ltr'>proventus,</span> <span class='ocrx_word' id='word_1_480' title='bbox 1433 2431 1515 2469; x_wconf 80' lang='lat' dir='ltr'>iura,</span> <span class='ocrx_word' id='word_1_481' title='bbox 1549 2429 1757 2463; x_wconf 88' lang='lat' dir='ltr'>obventiones</span> <span class='ocrx_word' id='word_1_482' title='bbox 1783 2437 1813 2464; x_wconf 85' lang='lat' dir='ltr'>et</span> 
     </span>
     <span class='ocr_line' id='line_1_94' title="bbox 1064 2479 1812 2522; baseline -0.004 -8"><span class='ocrx_word' id='word_1_483' title='bbox 1064 2482 1283 2515; x_wconf 86' lang='lat' dir='ltr'>emolumenta</span> <span class='ocrx_word' id='word_1_484' title='bbox 1322 2479 1506 2512; x_wconf 70' lang='lat' dir='ltr'>monasterii</span> <span class='ocrx_word' id='word_1_485' title='bbox 1540 2486 1566 2511; x_wconf 81' lang='lat' dir='ltr'>et</span> <span class='ocrx_word' id='word_1_486' title='bbox 1615 2480 1812 2522; x_wconf 85' lang='lat' dir='ltr'>capellaniae</span> 
     </span>
     <span class='ocr_line' id='line_1_95' title="bbox 1064 2527 1813 2564; baseline -0.004 -1"><span class='ocrx_word' id='word_1_487' title='bbox 1064 2542 1100 2564; x_wconf 89' lang='lat' dir='ltr'>ac</span> <span class='ocrx_word' id='word_1_488' title='bbox 1121 2540 1319 2563; x_wconf 81' lang='lat' dir='ltr'>annexorum</span> <span class='ocrx_word' id='word_1_489' title='bbox 1349 2528 1535 2561; x_wconf 86' lang='lat' dir='ltr'>huiusmodi</span> <span class='ocrx_word' id='word_1_490' title='bbox 1567 2527 1597 2560; x_wconf 93' lang='lat' dir='ltr'>in</span> <span class='ocrx_word' id='word_1_491' title='bbox 1623 2538 1698 2560; x_wconf 74' lang='lat' dir='ltr'>suos</span> <span class='ocrx_word' id='word_1_492' title='bbox 1722 2528 1813 2561; x_wconf 85' lang='lat' dir='ltr'>dicti-</span> 
     </span>
     <span class='ocr_line' id='line_1_96' title="bbox 1064 2577 1811 2623; baseline -0.005 -10"><span class='ocrx_word' id='word_1_493' title='bbox 1064 2591 1126 2623; x_wconf 88' lang='lat' dir='ltr'>que</span> <span class='ocrx_word' id='word_1_494' title='bbox 1152 2579 1279 2622; x_wconf 71' lang='lat' dir='ltr'>eollegii</span> <span class='ocrx_word' id='word_1_495' title='bbox 1313 2589 1501 2611; x_wconf 85' lang='lat' dir='ltr'>communes</span> <span class='ocrx_word' id='word_1_496' title='bbox 1526 2588 1614 2619; x_wconf 85' lang='lat' dir='ltr'>usus,</span> <span class='ocrx_word' id='word_1_497' title='bbox 1641 2577 1811 2610; x_wconf 86' lang='lat' dir='ltr'>utilitatem</span> 
     </span>
     <span class='ocr_line' id='line_1_97' title="bbox 1065 2627 1812 2668; baseline -0.004 -5"><span class='ocrx_word' id='word_1_498' title='bbox 1065 2635 1095 2663; x_wconf 89' lang='lat' dir='ltr'>et</span> <span class='ocrx_word' id='word_1_499' title='bbox 1116 2629 1319 2663; x_wconf 86' lang='lat' dir='ltr'>necessitates</span> <span class='ocrx_word' id='word_1_500' title='bbox 1339 2633 1538 2668; x_wconf 78' lang='lat' dir='ltr'>convertere,</span> <span class='ocrx_word' id='word_1_501' title='bbox 1558 2627 1812 2662; x_wconf 87' lang='lat' dir='ltr'>dioecesaniloci</span> 
     </span>
    </p>
   </div>
   <div class='ocr_carea' id='block_1_8' title="bbox 1826 225 2010 255">
    <p class='ocr_par' dir='ltr' id='par_1_9' title="bbox 1826 225 2010 255">
     <span class='ocr_line' id='line_1_98' title="bbox 1826 225 2010 255; baseline 0 -1"><span class='ocrx_word' id='word_1_502' title='bbox 1826 226 1878 255; x_wconf 76' lang='lat' dir='ltr'>An.</span> <span class='ocrx_word' id='word_1_503' title='bbox 1897 225 1925 255; x_wconf 91' lang='lat' dir='ltr'>C.</span> <span class='ocrx_word' id='word_1_504' title='bbox 1943 226 2010 254; x_wconf 79' lang='lat'>¹587</span> 
     </span>
    </p>
   </div>
  </div>
 </body>
</html>
