2059 3228
33 194 42 216 ¹.
57 184 86 216 C.
100 183 168 214 ¹⁵8⁷

27 1537 98 1559 Forma
113 1540 136 1559 et
145 1537 178 1558 et-

21 1573 66 1591 etnu
79 1569 178 1596 publica-

23 1601 62 1622 mtt
115 1600 178 1620 huius

27 1632 164 1654 utili-tionis.

843 179 947 204 stxrt's
965 179 985 203 V
1003 178 1052 203 PP-

182 235 353 272 similibus,
367 235 462 269 etiam
475 235 748 271 consistorialiter,
764 245 817 267 seu
832 234 926 267 etiam

182 290 221 323 ad
256 289 472 333 imperatoris,
504 300 630 331 regum,
663 289 845 328 reginarum
871 298 926 320 seu

181 343 319 377 aliorum
332 342 518 386 principum
536 342 728 380 instantiam,
749 342 795 373 vel
816 351 926 374 eorum

182 395 454 440 contemplatione
479 401 509 428 et
535 396 664 434 intuitu,
688 396 718 427 in
740 405 856 435 genere
880 394 929 427 vel

181 449 213 483 in
233 449 353 493 specie,
378 454 431 481 aut
451 449 528 481 alias
548 449 788 492 ‹promodolibet
805 475 810 485 ,
833 448 928 480 etiam

182 503 304 537 iteratis
326 502 450 536 vicibus
482 508 509 534 et
537 503 658 545 pluries
677 501 849 537 concessis.
871 512 929 543 ap-

182 556 326 601 probatis
352 562 382 589 et
412 556 578 588 innovatis.
614 555 735 594 Quibus
769 554 929 592 omnibus,

183 610 307 644 etiamsi
327 610 366 644 de
386 610 448 642 illis
468 620 646 651 eorumque
668 608 739 641 totis
764 607 930 639 tenoribus

183 663 342 708 specialis,
364 663 524 707 specifica,
546 673 693 705 expressa
718 667 746 693 et
769 660 930 693 individua

183 729 221 751 ac
239 717 278 751 de
297 717 395 750 verbo
415 716 455 749 att
474 716 620 754 verbum,
648 725 711 747 nou
733 719 839 746 autem
875 724 931 756 per

184 771 344 805 clausulas
377 770 544 813 generales
587 768 671 800 idem
707 768 929 811 impet-lantes,

185 824 305 858 mentio
315 834 371 857 seu
383 823 512 867 quaevis
525 823 586 855 alia
596 821 758 865 expressio
775 820 931 859 habenda,

185 882 241 911 aut
259 878 369 921 aliqua
401 877 462 909 alia
487 875 643 919 exquisita
672 875 774 907 forma
805 873 844 906 ad
872 874 933 906 hoc

185 931 342 965 servanda
362 936 456 969 esset,
488 930 550 962 illis
577 929 656 961 alias
677 928 709 960 in
730 938 788 960 suo
817 926 933 959 robore

185 985 418 1029 permansuris,
448 984 508 1016 bac
528 982 595 1015 vice
616 983 788 1019 dumtaxat,
810 979 933 1023 specia-

185 1038 259 1072 liter
291 1043 323 1072 et
355 1048 503 1081 expresse
545 1036 737 1077 derogamus
767 1032 934 1066 contrariis

186 1091 459 1136 quibuscumque.
482 1091 545 1123 Aut
564 1089 587 1121 si
610 1088 771 1131 aliquibus
791 1097 936 1120 commu-

185 1145 270 1179 niter
288 1145 335 1178 vel
356 1144 482 1177 divisim
508 1144 547 1176 ab
567 1142 679 1176 eadem
706 1141 743 1173 sit
774 1140 855 1173 Sede
890 1139 936 1171 in-

186 1199 313 1232 dultum
338 1197 427 1242 quod
461 1196 623 1233 interdici,
645 1194 795 1238 suspendi
816 1194 863 1225 vel
886 1203 936 1225 ex-

187 1251 422 1286 communicari
433 1261 496 1283 non
514 1249 633 1293 possint
652 1259 709 1291 per
724 1247 846 1280 litteras
861 1256 938 1289 apo-

187 1306 317 1339 stolicas
340 1315 405 1338 non
426 1304 578 1338 facientes
598 1303 726 1347 plenam
756 1306 783 1333 et
807 1310 936 1343 expres-

187 1370 256 1392 sam
276 1370 314 1392 ac
341 1359 381 1392 de
410 1358 507 1391 verbo
528 1357 567 1389 ad
587 1356 721 1389 verbum
743 1354 781 1387 de
811 1353 937 1385 indulto

189 1412 376 1448 huiusmodi
400 1411 609 1444 mentionem.

234 1467 250 1511 ξ
269 1466 322 1499 11.
345 1465 508 1503 Ceterum,
535 1468 570 1495 ut
589 1467 756 1500 statutum,
779 1459 939 1493 ordinatio

190 1525 222 1554 et
240 1520 302 1553 alia
319 1518 492 1563 praemissa
503 1528 539 1549 ae
551 1516 680 1550 eaedem
697 1519 879 1558 praesentes
892 1512 941 1545 lit-

190 1579 278 1607 terae
296 1573 337 1606 ad
353 1576 466 1605 eorum
485 1580 622 1614 quorum
642 1568 770 1601 interest
793 1566 940 1599 notitiam

191 1627 405 1663 deducantur,
427 1625 601 1666 nullusque
624 1621 720 1665 possit
744 1621 884 1663 aliquam
906 1619 942 1651 il-

191 1681 298 1714 lorum
320 1678 531 1722 ignorantiam
550 1675 759 1720 praetendere
782 1673 827 1706 vel
850 1683 943 1705 excu-

193 1734 349 1767 sationem
379 1733 531 1775 allegare,
553 1730 607 1763 scd
628 1729 682 1761 illa
707 1733 865 1772 perpetuo
886 1726 942 1758 fir-

194 1794 246 1816 ma
275 1788 306 1816 et
338 1782 461 1815 illibata
493 1783 714 1823 permaneant,
737 1777 886 1809 volumus
907 1779 944 1806 ut

194 1833 326 1866 eaedem
361 1836 545 1874 praesentes
578 1828 703 1860 litterae
728 1826 760 1857 in
791 1824 943 1857 basilicae

194 1880 355 1924 Principis
379 1879 606 1922 Apostolorum
628 1876 666 1908 de
686 1874 771 1907 Urbe
796 1884 833 1906 ac
863 1872 944 1905 Can-

197 1930 346 1964 cellariae
366 1928 566 1972 Apostolirae
582 1926 678 1957 valvis
698 1929 729 1956 et
749 1923 816 1955 acie
833 1921 944 1964 Campi

197 1980 310 2013 Florae
329 1989 386 2022 pei·
405 1977 544 2020 aliquem
567 1986 603 2006 ex
624 1972 808 2006 cursoribus
828 1970 946 2002 nestris

198 2029 322 2068 affixae,
345 2027 437 2071 copia
462 2026 591 2058 illarum
608 2023 725 2056 ibidem
747 2020 889 2058 dimissa,
907 2019 946 2052 ab

198 2077 312 2110 eadem
337 2076 389 2108 die
413 2085 526 2107 omnes
550 2079 579 2106 et
600 2071 744 2114 singulos
760 2068 894 2113 perinde
905 2067 947 2100 af-

159 2124 165 2131 '
199 2125 308 2159 [iciant
328 2130 359 2158 et
385 2128 520 2161 aretem,
539 2132 575 2154 ac
596 2120 620 2153 si
642 2119 704 2151 iills
720 2118 795 2161 ipsis
815 2117 947 2150 fuissent

32 2240 91 2264 nites
111 2247 187 2263 exem-

29 2278 94 2296 orum.

32 2329 116 2352 Stneiio
134 2335 187 2358 poe-

25 2355 62 2382 dis

198 2174 414 2220 personaliter
434 2173 611 2205 intimatae.

244 2225 259 2267 ἓ
279 2223 334 2256 12.
361 2222 516 2264 Quodque
538 2228 648 2252 earum
665 2215 831 2259 exemplis,
850 2214 946 2247 etiam

200 2272 365 2316 impressis
384 2275 441 2303 ele.

246 2323 261 2365 ἓ
285 2321 339 2354 13.
361 2319 446 2353 Nulli
467 2328 543 2361 ergo
568 2321 626 2349 etc.

244 2371 358 2403 Datum
383 2369 503 2401 Romae
524 2365 608 2410 apud
629 2365 660 2397 S.
683 2363 834 2400 Marcum,
864 2370 948 2393 anno

201 2417 434 2453 lucarnationis
458 2414 637 2448 dominicae
658 2412 829 2445 millesimo
853 2409 948 2453 quin-

201 2468 379 2512 gentesimo
393 2464 612 2507 octuagesimo
623 2462 771 2505 septimo,
794 2459 886 2491 nonis
900 2469 949 2491 se-

202 2516 370 2562 ptembris,
397 2514 602 2558 pontificatus
624 2510 722 2544 nostri
743 2519 827 2542 auno
848 2518 892 2541 m.

253 2569 316 2601 Dat.
333 2568 380 2599 die
398 2569 416 2598 5
431 2572 506 2607 sept.
526 2566 614 2603 1587,
632 2563 736 2605 pontis.
756 2571 832 2592 aimo
855 2569 897 2591 m.

1329 229 1364 265 C.

994 312 1174 356 Ampliulio
1194 311 1318 353 colleslt'i
1337 310 1523 343 clm-icormn
1545 307 1699 341 Gamerae

1077 365 1119 398 ad
1141 375 1310 397 numerum
1329 363 1564 396 duodenarium
1584 360 1612 394 ¹.

1017 446 1114 474 sixtus
1121 446 1190 480 rapa
1199 445 1228 477 V.
1239 445 1271 472 ad
1283 444 1444 480 perpetuam
1454 442 1495 471 rei
1508 441 1676 470 memoriam.

1019 517 1070 550 Sic
1100 516 1232 549 humani
1258 517 1449 560 plerumque
1479 513 1558 546 fallit
1591 511 1720 545 incertia

976 572 1053 604 tudo
1079 570 1201 607 iudicii,
1224 570 1300 602 dum
1323 569 1438 601 futuris
1458 567 1624 601 eventibus
1651 578 1720 598 eer-

977 630 1040 657 tam
1062 634 1209 656 normam
1235 622 1412 666 praefigere
1440 621 1565 659 nititur,
1588 625 1622 652 ut
1641 630 1723 662 quae

975 676 1066 710 utilia
1086 676 1124 709 ab
1145 675 1237 708 initio
1258 675 1458 714 videbantur,
1485 672 1639 716 temporis
1652 683 1723 705 sue-

977 741 1080 769 cessu,
1102 729 1280 762 inefficacia
1291 728 1537 770 dignoscantur3
1560 726 1644 759 unde
1660 725 1723 758 llo-

977 793 1092 816 manus
1111 782 1267 821 Pontifex,
1285 782 1411 825 singula
1427 791 1575 824 quaeque
1599 784 1723 811 mature

977 836 1190 881 perpendens,
1226 835 1354 879 saepius
1382 846 1399 867 a
1425 832 1725 877 praedeeessorilms

978 890 1042 923 suis
1063 889 1245 928 constituta,
1274 887 1486 921 rationalibus
1518 885 1725 919 suadentibus

979 944 1094 983 causis,
1117 943 1147 975 in
1178 943 1292 975 melius
1323 942 1470 974 reformat
1506 937 1726 972 moderamine

980 1002 1081 1037 certo,
1104 1001 1210 1041 prout,
1233 1005 1343 1028 rerum
1364 1000 1394 1027 et
1414 999 1595 1036 temporum
1621 990 1724 1034 quali-

980 1056 1043 1083 tate
1062 1056 1208 1095 pcnsata,
1231 1049 1262 1081 in
1282 1048 1417 1082 Domino
1451 1045 1610 1089 conspicit
1639 1045 1725 1077 salu-

979 1105 1080 1138 briter
1096 1103 1259 1147 expedire.
1669 1130 1674 1135 ,

1023 1159 1038 1202 ἓ
1071 1158 1102 1190 t.
1126 1157 1226 1195 Sane,
1261 1166 1335 1188 cum
1359 1153 1462 1187 felicis
1495 1152 1728 1186 reeordationis

981 1212 1055 1245 Pius
1074 1211 1159 1254 Papa
1178 1210 1211 1249 V,
1232 1209 1460 1252 praedecessor
1484 1213 1603 1245 noster,
1625 1211 1727 1238 atten-

1607 159 1670 198 909
1727 167 1781 197 An.
1798 167 1827 196 c.
1845 166 1911 196 1587

1760 508 1894 531 Pron-mium:

1768 1155 1816 1175 Pius
1844 1154 1860 1174 V
1883 1160 1925 1175 nu-

1743 1186 1924 1207 merumrterieo-

1743 1224 1786 1238 rum
1822 1217 1924 1237 Gamerae

1743 1250 1796 1269 ,mitt
1809 1249 1832 1268 ad
1848 1247 1926 1268 duode-

982 1266 1060 1298 dens
1100 1263 1272 1306 collegium
1298 1261 1491 1295 clericorum
1510 1260 1660 1293 Gamerae
1687 1260 1726 1291 Α·
1744 1287 1824 1299 „ww

982 1318 1157 1363 postolicae
1176 1315 1313 1359 negotiis
1342 1313 1576 1358 pertractandis
1604 1312 1728 1344 litibus-

983 1382 1045 1415 que
1055 1370 1243 1404 dirimendis
1256 1368 1521 1413 praesideutium,
1539 1366 1626 1410 quod
1638 1370 1730 1398 antea

984 1436 1002 1458 a
1017 1425 1088 1469 piae
1106 1423 1282 1456 memoriae
1301 1421 1444 1464 Eugenio
1463 1421 1547 1463 Papa
1567 1420 1616 1459 lv,
1635 1419 1730 1452 etiam

984 1478 1233 1523 praedecessore
1245 1481 1365 1514 nostro,
1383 1474 1423 1507 ad
1440 1473 1656 1516 septenarium
1675 1482 1732 1503 nu-

985 1542 1110 1564 merum
1136 1530 1302 1563 redactum
1328 1528 1442 1567 suerat,
1465 1527 1545 1559 adeo
1575 1530 1730 1558 arctatum

986 1590 1018 1618 et
1035 1588 1241 1626 angustatum
1261 1582 1377 1619 fuerat,
1408 1586 1454 1620 ut,
1477 1579 1570 1622 siqui
1597 1578 1732 1611 clerico-

988 1648 1059 1669 rum
1074 1636 1314 1680 praedictorum
1335 1634 1382 1666 vel
1403 1633 1533 1665 adversa
1550 1631 1732 1663 valetudiue

987 1692 1183 1731 laborarent,
1207 1695 1261 1722 aut
1285 1689 1355 1721 aliis
1375 1687 1478 1720 dietae
1502 1685 1591 1719 Sedis
1622 1685 1730 1727 ingru-

988 1744 1117 1778 entibus
1130 1741 1397 1785 occupationibus
1411 1739 1565 1777 distracti,
1583 1749 1638 1771 seu
1656 1748 1735 1781 quo-

988 1798 1074 1842 piam
1095 1797 1191 1830 simili
1217 1795 1449 1838 impedimento
1475 1791 1593 1825 detenti
1613 1792 1732 1828 forent,

990 1851 1107 1894 reliqui
1129 1849 1238 1883 cleriei
1256 1846 1456 1880 imminentia
1473 1851 1667 1889 pertractare
1679 1854 1735 1876 ne-

990 1905 1075 1948 gotia
1096 1909 1126 1936 et
1147 1902 1273 1935 muneri
1295 1912 1354 1934 suo
1374 1905 1595 1943 competenter
1614 1897 1736 1930 satisfa-

991 1969 1063 1991 ccre
1090 1957 1223 1989 minime
1253 1955 1411 1991 valerent3
1439 1953 1521 1985 idem
1549 1952 1623 1984 Pius
1643 1961 1735 1994 prae-

991 2012 1150 2049 deeessor,
1170 2010 1219 2042 liis
1245 2014 1276 2042 et
1295 2008 1364 2041 aliis
1390 2004 1635 2039 rationabilibus
1664 2014 1737 2036 eau-

991 2065 1033 2098 sis
1048 2064 1218 2103 adductus,
1236 2072 1300 2095 uno
1321 2061 1490 2094 clericatus
1511 2058 1630 2093 officio,
1649 2057 1735 2099 quod

992 2126 1069 2151 tunc
1089 2128 1147 2161 per
1166 2116 1290 2149 obitum
1314 2114 1386 2147 Iulii
1411 2112 1510 2151 Sauli,
1533 2111 1609 2143 olim
1635 2110 1738 2142 dietae

992 2174 1144 2207 Gamerae
1178 2169 1300 2207 clerici,
1332 2167 1474 2205 vacabat,
1507 2174 1680 2208 suppresso
1708 2169 1739 2195 et

994 2226 1146 2264 extincto,
1174 2223 1243 2256 eius
1262 2223 1347 2260 loco,
1370 2221 1409 2253 de
1434 2220 1566 2251 fratrum
1589 2227 1735 2254 suorum,

994 2280 1033 2313 de
1053 2287 1192 2321 quorum
1213 2284 1350 2308 numero
1371 2280 1448 2306 tunc
1469 2282 1609 2309 eramus,
1632 2269 1738 2302 eonsi-

994 2332 1049 2371 tio,
1071 2342 1123 2364 sex
1143 2330 1204 2363 alia
1224 2328 1340 2361 similia
1360 2326 1466 2360 officia
1486 2330 1643 2369 perpetuo
1668 2333 1739 2355 ere-

995 2385 1038 2418 xit
1059 2390 1090 2416 et
1110 2382 1287 2419 constituit,
1310 2381 1376 2424 qui,
1402 2390 1474 2411 rum
1497 2378 1565 2411 aliis
1590 2388 1643 2410 sex
1663 2382 1740 2408 tune

995 2437 1222 2482 superstitibus
1233 2435 1358 2468 clericis
1376 2431 1552 2471 coniuncti,
1568 2439 1738 2463 numerum

996 2490 1230 2524 duodenarium
1258 2488 1483 2531 adimplerent,
1513 2484 1672 2527 assignato
1693 2482 1740 2516 di-

1033 2564 1043 2592 1
1066 2562 1108 2590 Ex
1127 2561 1237 2597 Regest.
1255 2559 1282 2587 in
1298 2559 1403 2587 Secret.
1422 2556 1560 2586 Brevium.
