2059 3228
105 243 160 274 An.
175 243 204 274 C.
223 245 290 274 1586

347 237 410 271 678

304 299 502 340 ubicumque
520 305 601 338 opus
612 293 717 334 fuerit,
729 292 825 326 etiam
836 303 931 336 saepe
941 298 972 325 et
983 302 1049 325 sae-

305 353 389 398 pius,
411 361 447 383 ac
458 348 583 392 quoties
596 357 654 391 pro
665 352 755 391 parte
767 346 948 379 custodium
960 356 1050 389 prae-

304 406 464 439 dictorum
484 412 538 434 seu
561 401 600 433 ab
620 400 665 433 eis
685 399 915 444 deputatorum
927 399 1049 432 autali-

304 457 397 491 cuius
404 465 516 489 eorum
524 453 666 497 requisiti
676 452 958 492 suerineomnibus
966 452 1051 485 cliri-

303 510 494 545 stifidelibus
518 508 686 552 publicent
714 512 811 550 atque
846 506 1050 545 denuncient,

303 564 440 607 illosque
459 561 499 595 ad
519 560 751 594 conferendum
759 559 1052 603 eleemosynasmh-

298 617 440 650 lationes
460 621 492 649 et
510 616 615 658 legata
634 613 799 658 praedicta
831 613 918 646 omni
947 612 1051 645 studio

305 676 335 705 et
354 670 485 704 caritate
501 669 678 702 accendant
693 673 724 702 et
742 667 926 702 efficacibus
941 667 1052 700 horta-

305 724 447 758 tionibus
467 723 633 756 inducant.

350 778 364 821 ς
388 776 443 810 13.
481 777 517 809 Et
547 776 681 819 insuper
713 774 914 819 supradictos
942 785 1053 807 omnes

111 839 249 896 ¹¹:323ng
259 837 294 889 ἀίου-
305 831 452 864 locorum
465 829 646 863 ordinarios
661 839 698 862 ac
709 828 789 876 alios
800 828 1053 861 iurisdictionem

112 901 182 927 aliqua
196 901 292 927 portione

111 931 159 952 huic
184 932 244 958 operi
259 937 294 958 ap-

111 962 202 990 putenm

307 889 492 917 exercentes
530 882 738 916 vehementer
767 882 938 915 suademus
969 881 1054 925 quod

306 937 446 981 aliquam
460 936 641 981 portionem
652 946 829 980 poenarum
837 934 1055 979 delinquenti-

308 990 369 1023 bus
388 989 660 1034 imponendarum
681 995 746 1022 tam
766 989 821 1033 pio
842 989 931 1032 operi
955 988 1057 1032 appli-

309 1048 392 1084 cent,
409 1048 445 1076 ut
464 1042 591 1076 miseris
612 1049 643 1076 et
662 1041 788 1075 afflictis
807 1042 948 1084 captivis,
973 1052 1056 1085 quo-

309 1107 383 1130 rum
405 1097 589 1130 animarum
609 1096 794 1140 periculum
820 1096 977 1136 imminet,
1005 1106 1058 1128 co-

309 1150 432 1194 piosius
457 1154 675 1182 succurratur.
708 1148 856 1182 Ceterum
870 1176 878 1188 ,
909 1154 945 1180 ut
969 1148 1057 1191 pium
1076 1142 1077 1179 ]
1098 1146 1304 1179 fraternitatis
1322 1157 1418 1190 quam
1443 1146 1643 1190 singularum
1665 1147 1841 1181 confrater-

1078 1219 1079 1226 κ
1098 1199 1233 1232 nitatum
1251 1199 1487 1243 praedictarum
1503 1200 1718 1233 confratribus
1728 1205 1760 1234 et
1771 1200 1843 1234 aliis

310 1204 373 1237 hoc
401 1214 484 1247 opus
507 1202 692 1235 salubribus
713 1201 868 1234 institutis
887 1201 1056 1244 dirigatur,

313 1257 500 1291 custodibus
511 1261 541 1289 et
553 1256 768 1289 confratribus
780 1255 953 1299 praedictis
963 1266 1061 1298 quae-

313 1321 453 1353 cumque
474 1315 600 1349 statuta,
621 1309 840 1342 ordinationes
864 1314 894 1342 et
918 1309 1058 1348 decreta,

313 1363 401 1397 licita
429 1369 460 1396 et
487 1363 620 1395 honesta
649 1373 686 1395 ac
706 1362 805 1395 sacris
834 1362 1012 1395 canonibus
1032 1356 1081 1394 ct¹¹

314 1416 444 1450 concilii
461 1415 639 1448 Tridentini
660 1415 796 1449 decretis
807 1426 871 1448 non
886 1415 1058 1455 contraria,
1080 1426 1081 1441 1

315 1471 355 1504 ab
375 1470 488 1503 eodem
509 1476 619 1502 nostro
640 1469 757 1501 vicario
777 1468 997 1511 approbanda,
1023 1469 1061 1501 ad

316 1525 456 1557 faustum
477 1528 508 1556 et
533 1523 718 1556 incolumen
739 1528 855 1555 statum
873 1521 974 1566 ipsius
986 1533 1063 1566 ope-

316 1578 359 1611 ris
379 1577 438 1610 rite
458 1583 488 1610 et
509 1583 594 1610 recte
606 1577 853 1610 custodiendum
865 1576 1016 1617 condere,
1028 1587 1064 1609 ac

317 1631 457 1672 condita,
489 1630 614 1674 quoties
642 1641 723 1673 opus
742 1630 850 1671 fuerit,
881 1636 1006 1662 mutare
1036 1635 1066 1663 et

319 1685 468 1725 alterare,
488 1684 615 1727 aliaque
635 1684 673 1717 de
694 1693 776 1716 novo
788 1684 894 1724 edere,
917 1684 1012 1716 etiam
1027 1683 1066 1716 ab

319 1738 432 1771 eodem
463 1743 574 1771 nostro
604 1737 723 1770 vicario
757 1737 976 1781 approbanda,
1014 1748 1066 1770 ce-

319 1796 451 1834 teraque
471 1790 503 1823 in
532 1790 717 1834 praemissis
742 1790 985 1833 quomodolibet
1011 1801 1067 1823 ne-

321 1843 459 1877 cessaria
480 1849 511 1877 et
542 1850 726 1887 opportuna
746 1844 873 1883 facere,
901 1844 1013 1887 exequi
1039 1849 1069 1876 et

889 239 1070 265 BULLARH'M
1094 239 1244 263 ROMANUM

1089 301 1152 334 que
1163 300 1255 323 sexus
1266 288 1597 333 ch1·istifidelibus‚qui
1607 291 1744 324 orationi
1755 302 1834 335 qua-

1093 343 1238 387 draginta
1259 343 1412 377 horarum
1431 343 1701 388 quandocumque
1721 345 1760 378 ab
1779 356 1834 379 ea-

1091 397 1164 430 dem
1187 396 1544 430 arcliiconfraternitate
1564 402 1595 430 et
1614 398 1747 441 singulis
1758 410 1835 432 con-

1092 449 1344 483 fraternitatibus
1377 449 1549 493 praedictis
1579 450 1692 484 haberi
1730 452 1834 486 conti·
1886 490 1889 491 ⁷
1931 456 1934 459 ’
1979 462 1984 473 “

1091 504 1182 547 gerit,
1202 514 1275 537 vere
1295 497 1495 547 poenitentes
1515 509 1547 537 et
1565 505 1704 538 confessi
1721 516 1758 539 ac
1785 517 1835 540 sa-

1092 568 1146 590 cra
1174 558 1405 591 communione
1439 558 1551 591 refecti
1565 585 1572 598 ‚
1601 558 1712 591 devote
1739 559 1836 593 inter-

1093 610 1222 651 fuerint,
1236 616 1267 644 et
1280 611 1322 643 ibi
1339 621 1397 654 pro
1411 616 1538 644 sanctae
1555 611 1665 644 matris
1677 612 1836 646 Ecclesiae

1093 664 1294 704 exaltatione,
1326 664 1524 707 captivorum
1546 664 1579 696 in
1598 664 1660 697 fide
1680 665 1838 700 catholica

1093 717 1281 758 constantia,
1303 728 1340 750 ac
1359 717 1456 751 huius
1475 718 1612 751 instituti
1624 729 1794 762 progressu
1807 725 1837 753 et

1093 777 1264 815 augmento
1285 771 1353 815 pias
1366 771 1404 803 ad
1416 771 1516 804 Deum
1527 782 1640 815 preces
1652 772 1835 813 effuderint,

1094 825 1141 858 bis
1169 825 1201 857 in
1226 835 1311 858 anno
1331 825 1476 869 quolibet
1494 825 1673 869 plenariam
1692 826 1838 860 omnium

1095 884 1125 912 et
1143 878 1345 921 singulorum
1366 883 1573 922 peccatorum
1591 889 1724 912 suorum
1735 879 1840 913 indul-

1095 932 1233 975 gentiam
1254 938 1284 964 et
1300 931 1523 965 remissionem
1544 932 1796 966 misericorditer
1807 933 1840 966 in

1095 984 1229 1019 Domino
1250 985 1458 1019 concedimus
1477 990 1508 1018 et
1525 985 1710 1029 elargimur.
1723 987 1758 1019 In
1769 986 1840 1020 aliis

1096 1050 1168 1072 vero
1189 1039 1312 1072 vicibus
1328 1039 1446 1083 quibus
1464 1038 1649 1072 huiusmodi
1669 1040 1770 1074 oratio
1781 1041 1840 1074 ha-

1097 1093 1236 1132 bebitur,
1259 1099 1389 1126 centum
1409 1103 1520 1126 annos.
1538 1093 1657 1126 Aetam
1670 1094 1840 1128 archicon-

1100 1253 1268 1296 utriusque
1301 1264 1395 1286 sexus
1415 1253 1685 1294 christifidelibus,
1713 1254 1770 1297 qui
1789 1265 1842 1288 ca-

1100 1307 1191 1351 ptivis
1211 1307 1394 1351 praedietis,
1416 1308 1493 1341 dum
1514 1308 1554 1341 ad
1573 1307 1691 1341 Urbem
1702 1308 1844 1349 veniunt,

1100 1359 1380 1403 processionaliter
1408 1361 1532 1393 obviam
1560 1360 1684 1402 iverint,
1706 1362 1755 1395 vel
1774 1362 1846 1395 illos

1101 1416 1138 1445 :id
1166 1413 1360 1446 visitandum
1390 1414 1503 1447 limina
1524 1415 1752 1458 Apostolorum
1791 1419 1848 1448 aut

1102 1467 1194 1499 aliam
1213 1467 1317 1500 dictae
1337 1466 1431 1500 Urbis
1448 1467 1627 1507 ecclesiam,
1650 1478 1710 1511 pro
1729 1468 1847 1511 gratia-

1103 1532 1173 1555 rum
1194 1521 1320 1555 actione
1340 1531 1454 1554 eorum
1474 1521 1687 1561 liberationis,
1716 1532 1846 1565 proces-

1083 1591 1084 1595 =
1102 1574 1267 1608 sionaliter
1285 1573 1428 1607 comitati
1449 1574 1580 1615 fuerint,
1599 1574 1648 1607 vel
1667 1574 1752 1619 ipsas
1774 1585 1848 1617 pro-

1104 1628 1263 1661 cessiones
1273 1638 1330 1661 seu
1341 1638 1453 1661 earum
1465 1628 1598 1661 alteram
1609 1627 1846 1668 associaverint,

1104 1689 1145 1723 et,
1169 1687 1203 1715 ut
1223 1682 1414 1726 praefertur,
1438 1681 1610 1721 oraverint,
1628 1692 1688 1725 pro
1708 1681 1850 1725 qualibet

1084 1764 1086 1769 .
1103 1735 1310 1780 processione
1339 1735 1538 1775 huiusmodi,
1567 1735 1679 1768 decem
1698 1745 1799 1768 annos
1819 1740 1851 1768 et

1106 1789 1237 1822 totidem
1257 1789 1489 1831 quadragenas.
1515 1789 1658 1827 Necnon,
1683 1794 1747 1821 tam
1772 1798 1851 1822 con-

1106 1843 1256 1876 fratribus
1276 1853 1373 1886 quam
1391 1843 1462 1876 aliis
1482 1842 1745 1876 christifidelibus
1761 1852 1852 1886 prae-

321 1907 482 1938 exercere,
509 1896 671 1930 licentiam
690 1897 862 1930 tribuimus
882 1903 911 1929 et
936 1897 1069 1929 faculta-
1086 1893 1087 1898 ’
1107 1897 1212 1937 dictis,
1244 1897 1300 1941 qui
1329 1897 1362 1929 in
1391 1897 1453 1929 hoc
1480 1896 1533 1940 pio
1562 1897 1691 1938 negotio
1719 1905 1852 1939 operam

323 1956 399 1984 tem.
1087 1939 1090 1998 i
1108 1962 1197 1984 suam
1211 1950 1440 1995 quoquomodo
1452 1950 1631 1994 posuerint,
1645 1960 1854 1993 quocumque

367 2003 454 2047 5214.
482 2003 521 2037 Ut
549 2009 655 2036 autem
685 2008 750 2036 tam
774 2003 875 2047 ipsius
900 2003 1070 2036 archicon-
1088 1999 1090 2042 i
1109 2004 1159 2037 die
1188 2015 1252 2048 quo
1281 2004 1311 2036 id
1338 2003 1484 2043 fecerint,
1507 2003 1601 2036 etiam
1622 2003 1732 2036 decem
1753 2013 1854 2036 annos

152 2066 310 2102 lndqlgenuas-
323 2056 545 2097 fraternitatis,
567 2057 678 2101 illique
698 2062 941 2100 aggregatarum
963 2062 993 2090 et
1012 2067 1071 2100 pro
1111 2064 1141 2091 ct
1162 2059 1272 2091 decem
1291 2057 1526 2102 quadragenas.
1548 2057 1612 2090 Illis
1623 2067 1710 2097 vero,
1723 2057 1778 2100 qui
1789 2067 1856 2090 eos-

126 2098 311 2149 ξξξ,ῗζξ,ἶζῖ,ἳῗζ.
326 2115 470 2153 tempore
481 2111 760 2153 aggregandarum
773 2110 1071 2143 confraternitatum
1090 2123 1092 2152 ξ
1111 2113 1182 2145 dem
1203 2112 1356 2156 captivos,
1378 2117 1442 2144 tam
1463 2111 1496 2144 in
1515 2110 1629 2144 itinere
1647 2116 1718 2154 post
1741 2121 1855 2144 eorum

128 2158 311 2217 {ff‘nssssei'ssffi}
325 2163 493 2205 utriusque
519 2174 612 2196 sexus
636 2164 824 2204 confratres,
852 2174 938 2196 nunc
965 2169 995 2196 et
1014 2174 1072 2207 pro
1091 2154 1093 2206 i
1114 2165 1347 2205 liberationem,
1374 2165 1452 2197 dum
1481 2174 1593 2197 omnes
1618 2163 1713 2197 simul
1736 2165 1776 2197 ad
1800 2163 1857 2197 Ur-

129 2222 312 2279 ssssssstffissifflg
326 2223 471 2260 tempore
492 2217 672 2256 existentes,
695 2227 791 2260 quam
812 2217 864 2250 alii
884 2207 1094 2256 christifide-I
1114 2220 1185 2251 bem
1205 2218 1349 2259 veniunt,
1372 2229 1469 2262 quam
1490 2218 1523 2251 in
1542 2218 1611 2262 ipsa
1621 2218 1706 2251 Urbe
1718 2217 1858 2261 hospitio

130 2284 228 2310 personis
279 2290 314 2303 m-
327 2269 373 2302 les
405 2270 437 2302 in
457 2270 641 2303 huiusmodi
668 2270 812 2303 instituto
836 2270 977 2303 alacrius
1000 2281 1074 2313 per·
1092 2267 1094 2313 ἦ
1114 2272 1308 2315 exceperint,
1326 2282 1362 2304 ac
1381 2271 1520 2304 fraterna
1540 2271 1572 2304 in
1582 2271 1718 2305 Domino
1729 2270 1859 2304 caritate

131 2317 314 2366 :effu'mm'
329 2322 449 2363 sistant,
471 2334 536 2367 quo
556 2334 593 2356 ex
611 2323 674 2356 hoc
695 2324 780 2356 dono
794 2323 943 2357 coelestis
953 2323 1075 2366 gratiae

329 2376 553 2419 conspexerint
575 2387 607 2409 se
630 2377 761 2410 uberius
782 2388 850 2410 esse
871 2377 1017 2417 refectos,
1037 2377 1076 2410 de

330 2419 561 2468 omnipotentis
579 2426 633 2458 Dei
657 2426 886 2466 misericordia,
907 2436 943 2458 ac
967 2426 1076 2458 beato-

329 2482 403 2504 rum
424 2473 507 2506 Petri
527 2480 554 2506 et
578 2475 666 2507 Pauli
692 2475 911 2518 apostolorum
932 2475 1002 2507 eius
1019 2485 1076 2507 au-

1115 2325 1320 2358 tractaverint
1347 2331 1378 2357 et
1403 2325 1595 2365 adiuverint,
1614 2324 1743 2368 illisque
1762 2324 1860 2358 inser-

1115 2378 1241 2416 vierint,
1264 2378 1390 2422 quoties
1404 2378 1434 2411 id
1456 2379 1602 2419 fecerint,
1629 2378 1739 2411 decem
1760 2387 1859 2410 annos

1117 2434 1148 2460 et
1172 2427 1304 2460 totidem
1332 2427 1565 2470 quadragenas,
1588 2428 1626 2460 de
1647 2426 1798 2460 iniunctis
1816 2426 1860 2459 eis

1117 2482 1172 2509 aut
1193 2476 1268 2509 alias
1295 2476 1541 2520 quomodolibet
1559 2475 1675 2509 debitis
1696 2475 1860 2519 poeniten·

332 2521 478 2555 ctoritate
499 2523 623 2561 contisi,
647 2524 797 2556 omnibus
821 2530 852 2556 et
872 2524 1008 2567 singulis
1027 2535 1077 2556 ar-

334 2568 656 2604 chicont'raternitatis
703 2579 733 2605 et
780 2573 1077 2606 confraternitatum

338 2618 573 2659 praedictarum
590 2622 816 2663 confratribus,
830 2633 866 2656 ac
878 2622 949 2656 aliis
960 2622 1079 2656 utrius-

1118 2526 1181 2565 tiis,
1201 2524 1296 2558 etiam
1312 2524 1565 2558 misericorditer
1581 2525 1614 2557 in
1628 2524 1762 2557 Domino
1783 2523 1861 2556 rela—

1119 2584 1243 2606 xamus.

1164 2623 1179 2666 ᾗ
1203 2621 1257 2655 15.
1283 2621 1520 2662 Praesentibus
1540 2632 1620 2665 quas
1630 2620 1689 2655 sub
1699 2619 1863 2664 quibusvis·
