2059 3228
341 259 403 293 768
888 266 1070 292 numanum
1090 266 1240 290 noumcx

295 331 350 352 nes
369 330 494 352 annuae
519 324 697 352 reservatae
718 324 747 352 et
770 319 948 363 assignatae
973 320 1042 352 fue·
1084 319 1138 352 scd
1161 330 1179 352 a
1208 319 1359 361 magistro
1380 325 1410 352 et
1430 326 1590 354 conventu
1610 321 1785 365 praedictis
1802 332 1835 354 e-

295 379 376 412 rant,
398 378 454 405 aut
475 373 506 405 in
527 383 667 416 quorum
682 373 821 409 savorem
842 374 881 407 de
902 373 965 406 illis
982 373 1045 406 dis·
1087 377 1281 411 manassent,
1306 378 1335 405 et
1358 372 1397 405 ad
1426 372 1455 405 id
1483 373 1577 406 etiam
1598 384 1655 417 per
1682 385 1837 408 censuras

98 267 141 294 An
167 267 196 295 C.
213 267 282 295 1586

293 426 431 470 positum
449 425 606 465 extiterat,
629 426 677 459 vel
694 426 766 459 illae
778 427 1045 460 commendaren-
1086 431 1117 458 et
1136 435 1258 469 poenas
1278 425 1512 459 ecclesiasticas
1528 426 1656 470 aliaque
1679 433 1834 472 opportu-

294 486 347 512 tur
361 490 417 512 seu
439 479 676 519 conferrentur,
697 484 752 512 aut
771 480 896 513 fructus
909 481 1044 524 relpen-

293 533 399 565 sioncs
421 537 663 566 reservarentur
690 537 721 565 et
739 532 979 575 assignarentur
995 533 1043 565 vel

293 585 371 618 alias
388 585 651 628 disponerentur,
679 596 696 618 a
724 585 883 620 solutione
903 591 933 619 et
950 596 1044 629 prae-

295 638 430 671 statione
438 639 614 679 sructuum,
629 649 799 679 censuum,
812 639 1044 683 passagiorum,

292 697 499 733 annatarum,
519 691 723 725 vacationum
741 697 771 725 et
788 692 1044 725 mortuariorum

295 751 350 779 aut
370 745 507 778 aliorum
537 756 818 789 quorumcumque
843 746 963 778 iurium
989 757 1043 778 seu

294 799 543 844 responsionum
568 805 625 832 aut
650 799 887 832 ordinariarum
917 799 965 833 vel
992 810 1045 832 ex-

294 852 584 885 traordinariarnm
602 852 861 896 impositionum,
877 853 987 895 vigore
1000 852 1046 885 di—

294 911 420 938 ctorum
441 905 733 939 stabilimentorum
751 911 781 939 et
801 905 1044 950 privilegiorum

295 959 490 999 debitorum,
519 959 552 992 in
578 964 644 992 toto
673 961 722 993 vel
744 960 777 992 in
794 965 886 1004 parte
907 960 1046 992 eximere

296 1013 345 1045 vel
366 1012 517 1053 liberare,
535 1018 591 1046 aut
615 1013 694 1046 alias
711 1012 875 1047 communi
895 1013 1046 1046 thesauro

297 1065 464 1108 hospitalis
479 1066 667 1099 huiusmodi
687 1077 743 1099 seu
763 1066 850 1099 illius
866 1065 993 1098 iuribus
1013 1065 1044 1097 in

295 1118 405 1162 aliquo
424 1118 678 1163 praeiudicasse,
703 1130 763 1152 nec
783 1130 842 1162 per
865 1118 935 1151 illas
955 1129 1046 1162 prae—

297 1172 472 1210 iudicatum
486 1183 542 1205 seu
554 1172 789 1216 praeiudicium
806 1172 936 1216 aliquod
949 1182 1045 1214 gene-

297 1230 402 1258 ratum
414 1225 511 1258 fuisse
521 1226 570 1260 vel
582 1218 656 1259 essev
670 1226 720 1259 vel
732 1225 764 1258 in
786 1230 952 1269 posterum
964 1225 1045 1263 sore.

298 1279 353 1312 sed
373 1279 592 1322 derogatorias
618 1279 703 1324 ipsas
727 1279 766 1312 ad
797 1279 948 1312 effectum
969 1278 1047 1311 vali-

297 1332 403 1365 ditatis
421 1332 644 1372 collationum,
662 1332 930 1366 commendarum
955 1337 988 1365 et
1014 1342 1045 1364 a-

292 1387 414 1419 liarum
441 1386 691 1431 dispositionum
711 1386 897 1419 huiusmodi
924 1385 1048 1418 dumta-

297 1446 350 1473 xat
366 1441 559 1484 processisse
577 1446 607 1473 et
627 1440 797 1483 suffragari
827 1440 992 1479 debuisse:
1011 1439 1048 1471 il-

299 1495 408 1537 lasque
423 1495 455 1527 in
476 1499 634 1537 quantum
656 1493 823 1527 communi
845 1493 997 1526 thesauro
1021 1499 1046 1525 et

1083 489 1123 511 na
1144 478 1223 512 iuris
1243 484 1273 512 et
1293 478 1367 512 sacti
1385 479 1526 512 remedia
1543 479 1612 522 cogi
1636 485 1667 512 et
1683 476 1834 525 compelli

1084 541 1188 575 posse.

1128 585 1142 628 ξ
1193 611 1199 617 .

1083 744 1132 777 vel
1156 745 1358 788 obreptionis
1374 745 1462 786 vitio,
1485 750 1540 777 aut
1558 745 1747 779 intentionis
1757 755 1833 778 suae

1084 798 1336 839 defectu,notari
1349 799 1395 831 vel
1410 798 1605 842 impugnari,
1619 798 1762 832 minusve
1773 798 1834 832 sub

1085 851 1247 894 quibusvis
1275 851 1548 892 revocationibus,
1568 851 1834 895 suspensionibus

1085 909 1115 937 et
1133 904 1380 938 limitationibus
1396 904 1551 937 similium
1562 904 1611 938 vel
1630 905 1835 938 dissimilium

1084 957 1262 1000 gratiarum
1283 958 1518 1001 comprehendi
1545 958 1708 992 ullatenus
1727 969 1832 1002 posse,

1085 1011 1153 1051 sed,
1168 1012 1294 1054 quoties
1308 1011 1380 1045 illae
1401 1017 1599 1052 emanarent,
1612 1012 1706 1045 toties
1718 1012 1752 1045 in
1767 1012 1835 1056 pri-

1084 1065 1204 1098 stinum
1226 1072 1256 1099 et
1279 1065 1525 1105 validissimum,
1545 1076 1582 1099 ac
1605 1076 1692 1106 eum,
1714 1065 1748 1098 in
1772 1075 1836 1109 quo

1085 1123 1258 1162 antequam
1286 1119 1340 1151 illa
1369 1118 1568 1159 emanarent,
1596 1124 1726 1160 statum,
1746 1114 1838 1152 resti-

1085 1177 1169 1205 tutas
1193 1178 1224 1204 et
1244 1172 1389 1216 plenarie
1409 1173 1630 1215 reintegratas,
1645 1183 1682 1205 ac
1694 1172 1733 1205 de
1744 1182 1827 1205 novo

1086 1225 1182 1258 etiam
1194 1226 1252 1258 sub
1269 1236 1476 1269 quacumque
1492 1227 1565 1259 data
1577 1236 1635 1269 per
1646 1225 1836 1270 magistrum

1087 1284 1118 1312 et
1138 1285 1332 1312 conventum
1349 1279 1433 1312 bene
1449 1279 1526 1320 visa,
1549 1279 1645 1312 toties
1658 1278 1785 1323 quoties
1800 1289 1837 1312 o-

1086 1344 1147 1376 pus
1166 1338 1258 1374 esset,
1281 1343 1450 1366 concessas
1461 1343 1528 1366 esse
1537 1327 1758 1366 censerentur.
1770 1332 1837 1366 Sic-

1086 1396 1160 1429 que,
1173 1387 1205 1418 in
1225 1386 1411 1430 praemissis
1420 1386 1572 1419 omnibus
1582 1391 1611 1419 et
1623 1386 1768 1430 singulis,
1779 1396 1838 1430 pet·

1087 1450 1309 1483 quoscumque
1334 1439 1456 1472 iudices
1475 1445 1506 1473 et
1535 1439 1783 1480 commissarios,
1805 1450 1838 1472 e-

1086 1493 1162 1526 tiam
1196 1493 1228 1527 S.
1261 1493 1298 1526 R.
1326 1493 1360 1526 E.
1391 1493 1573 1526 cardinales
1601 1504 1637 1526 ac
1666 1504 1835 1527 causarum

299 1548 387 1582 illius
419 1547 544 1581 iuribus
574 1548 607 1580 in
634 1547 744 1590 aliquo
775 1546 1048 1590 praeiudicassent
1088 1546 1169 1579 sacri
1189 1546 1302 1580 Palatii
1321 1546 1496 1590 Apostoliei
1515 1547 1691 1587 auditores,
1713 1547 1842 1580 sublata·
1884 1539 1887 1542 ⁵

300 1607 355 1634 aut
374 1600 647 1645 praeiudicarent‚
670 1611 688 1633 a
713 1610 745 1633 se
766 1606 796 1633 et
815 1599 896 1633 Sede
913 1600 1049 1643 Aposto-
1066 1616 1070 1645 ι
1088 1599 1134 1633 eis
1164 1605 1194 1633 et
1221 1610 1335 1633 eorum
1373 1599 1506 1633 cuilibet
1537 1599 1631 1633 aliter
1657 1599 1835 1640 iudicandi,

299 1655 374 1695 lica,
396 1665 456 1699 per
475 1654 724 1698 occupationem
749 1659 781 1687 et
804 1653 1051 1686 circumventio-

301 1719 389 1748 nem,
406 1713 536 1752 praeter
554 1714 585 1741 et
604 1713 718 1740 contra
736 1707 932 1740 voluntatem
947 1717 1048 1745 suam,

302 1766 453 1802 extortas,
484 1772 520 1794 ac
540 1761 661 1794 nullius
681 1760 808 1794 roboris
825 1760 874 1793 vel
895 1761 1050 1794 momenti

300 1815 398 1848 fuisse
419 1820 450 1848 et
473 1825 542 1848 esse
567 1814 645 1848 etin
665 1819 830 1858 posterum
855 1815 944 1855 sore:
975 1814 1052 1847 illis—

303 1879 366 1911 que
386 1878 452 1901 non
477 1867 692 1908 obstantibus,
719 1878 832 1901 omnes
857 1872 888 1900 et
912 1868 1053 1910 singulas

300 1921 491 1957 ‚huiusmodi
508 1921 744 1964 derogationes,
765 1927 842 1955 tunc
859 1926 887 1954 et
900 1931 959 1965 pro
974 1927 1054 1954 tem—

301 1973 385 2019 ¹pore
401 1973 557 2009 habentes
576 1981 607 2008 et
627 1981 870 2019 prosequentes,
893 1975 1016 2008 etiamsi
1037 1986 1051 2006 a

306 2028 528 2062 iurisdictione
558 2029 666 2071 magni
696 2028 839 2071 magistri
865 2033 895 2061 et
919 2039 1055 2061 conven-

306 2088 356 2116 tus
373 2083 612 2126 praedictorum
632 2087 661 2115 et
673 2082 811 2115 aliorum
823 2092 1054 2125 quorumcum-

307 2147 371 2179 que
387 2136 541 2176 iudicum,
562 2136 738 2181 apostolica
757 2136 947 2169 auctoritate
960 2147 1054 2179 prae-

308 2190 393 2222 theia
410 2190 560 2235 exempti,
583 2201 619 2223 ac
647 2190 675 2223 ei
704 2195 734 2223 et
758 2189 960 2234 Apostolicae
984 2190 1053 2223 Sedi

310 2241 495 2276 immediate
522 2242 658 2277 subiecti
681 2253 798 2283 essem,
822 2244 860 2276 ad
886 2243 1056 2276 exhibitio·
1097 2243 1284 2284 annullavit,
1305 2254 1342 2276 ac
1364 2243 1455 2276 toties
1472 2242 1598 2287 quoties
1621 2253 1772 2276 concessa
1795 2252 1844 2275 es-

312 2306 383 2328 nem
405 2303 435 2330 et
453 2297 680 2330 relaxationem
700 2297 864 2330 fructuum
878 2307 914 2329 ac
928 2297 1057 2340 pensio·
1074 2322 1078 2352 1
1097 2302 1178 2337 sent,
1209 2297 1314 2340 quoad
1340 2292 1574 2329 iura'vacantia
1595 2301 1626 2329 et
1648 2295 1840 2336 mortuaria,

312 2349 842 2394 numhuiusmodi,utpraefertur,
857 2350 959 2383 eidem
972 2360 1058 2382 eom-
1075 2353 1078 2400 Ι
1098 2351 1222 2384 ratione
1242 2350 1432 2393 gratiarum,
1454 2361 1512 2393 per
1531 2360 1605 2383 eum
1627 2355 1655 2382 et
1672 2358 1845 2393 quoscum-

314 2404 402 2435 numi
417 2404 567 2437 thesauro
580 2403 759 2436 faciendam
776 2403 878 2436 teneri
899 2408 929 2436 et
946 2404 1057 2436 adstri—
1098 2414 1161 2447 que
1189 2404 1348 2436 Romanos
1375 2403 1547 2436 Pontifices
1583 2402 1845 2446 praedecessores

315 2458 382 2485 ctos
401 2453 480 2493 sore,
501 2453 532 2485 in
550 2453 702 2485 omnibus
720 2458 751 2485 et
777 2463 835 2496 per
857 2452 975 2493 omnia,
1003 2463 1058 2496 pe·
1099 2459 1236 2493 nostros,
1248 2458 1326 2485 tunc
1339 2462 1425 2492 suos,
1440 2461 1678 2491 concessarum,
1691 2450 1797 2494 quoad
1808 2460 1844 2483 ea

314 2501 406 2533 rinde
426 2512 462 2534 ac
478 2502 502 2534 si
522 2501 719 2546 provisiones
730 2502 1009 2542 commendaram,
1030 2507 1058 2534 et
1100 2512 1183 2545 quae
1211 2512 1304 2535 suum
1330 2507 1457 2544 tempus
1483 2500 1627 2533 nondum
1657 2499 1845 2532 effluxerant

315 2559 490 2591 regressus,
510 2561 668 2590 accessus,
688 2550 905 2583 coadiutoriae
923 2555 953 2583 et
979 2550 1060 2583 aliae
1103 2557 1238 2591 tantum,
1267 2550 1359 2583 toties
1388 2560 1446 2593 pro
1465 2549 1563 2582 nullis
1587 2554 1618 2582 et
1642 2547 1767 2580 insectis
1786 2547 1844 2580 lia-

315 2596 550 2640 dispositiones,
563 2609 687 2632 necnon
706 2599 869 2632 fructuum
889 2605 920 2631 et
937 2599 1061 2642 pensio·
1102 2600 1182 2640 lieri,
1216 2600 1403 2643 nullamque
1436 2608 1566 2642 prorsus
1596 2597 1627 2630 in
1658 2596 1778 2630 iudicio
1796 2595 1845 2628 vel

317 2657 394 2680 mun
407 2648 645 2690 reservationes,
658 2659 723 2682 non
734 2659 751 2682 a
768 2648 848 2682 Sede
866 2648 1058 2693 Apostolica,
1102 2654 1190 2683 extra
1209 2649 1304 2682 fidem
1326 2648 1430 2681 facere
1446 2647 1494 2681 vel
1508 2646 1657 2680 effectum
1671 2644 1777 2679 sortiri
1788 2644 1844 2677 de-

1089 1654 1265 1687 definiendi
1292 1659 1321 1686 et
1342 1653 1576 1697 interpretandi
1597 1653 1760 1693 facultate,
1787 1653 1836 1686 iu-
1878 1652 1884 1660 '

1089 1707 1200 1749 dicari,
1224 1707 1351 1741 definiri
1372 1713 1403 1741 et
1422 1706 1628 1751 interpretari
1645 1707 1783 1748 debere-3
1806 1712 1839 1740 et

1089 1760 1244 1804 quiequid
1262 1771 1354 1794 secus
1369 1771 1467 1804 super
1485 1760 1534 1793 his
1545 1770 1563 1793 a
1574 1770 1749 1803 quoquam,
1761 1770 1840 1804 qua-

1089 1814 1136 1847 vis
1167 1814 1372 1855 auctoritate,
1405 1814 1544 1847 scienter
1567 1814 1616 1846 vel
1636 1814 1836 1856 ignoranter,

1091 1872 1246 1901 attentare
1263 1867 1445 1910 contigerit,
1464 1867 1592 1900 irritum
1613 1872 1643 1900 et
1666 1867 1762 1901 inane
1781 1868 1838 1901 de-

1092 1921 1203 1955 crevit.
1229 1921 1267 1954 Et
1291 1921 1516 1961 nihilominus,
1543 1931 1602 1964 pro
1625 1921 1743 1964 potiori
1763 1932 1839 1954 cau-

1091 1976 1165 2016 tela,
1192 1975 1394 2019 supradictas
1431 1980 1460 2008 et
1504 1974 1582 2008 alias
1623 1974 1841 2018 derogatorias

1094 2029 1254 2061 clausulas
1274 2029 1305 2061 in
1326 2028 1587 2072 quibuscumque
1607 2028 1724 2061 litteris
1741 2037 1841 2072 appo-

1093 2082 1180 2124 sitas,
1204 2083 1236 2114 in
1255 2088 1410 2125 quantum
1428 2081 1594 2115 communi
1614 2082 1766 2115 thesauro
1782 2082 1843 2115 hu-

1094 2136 1244 2176 iusmodi,
1273 2136 1378 2179 quoad
1404 2135 1596 2180 praemissa,
1618 2135 1842 2179 praeiudicare

1094 2189 1294 2231 videbantur,
1319 2189 1490 2229 revocarit,
1512 2189 1655 2229 cassavit,
1670 2189 1804 2222 irritavit
1812 2193 1844 2222 et
