<?xml version="1.0" encoding="UTF-8"?>
<!DOCTYPE html PUBLIC "-//W3C//DTD XHTML 1.0 Transitional//EN"
    "http://www.w3.org/TR/xhtml1/DTD/xhtml1-transitional.dtd">
<html xmlns="http://www.w3.org/1999/xhtml" xml:lang="en" lang="en">
 <head>
  <title>
</title>
<meta http-equiv="Content-Type" content="text/html;charset=utf-8" />
  <meta name='ocr-system' content='tesseract 3.04.00' />
  <meta name='ocr-capabilities' content='ocr_page ocr_carea ocr_par ocr_line ocrx_word'/>
</head>
<body>
  <div class='ocr_page' id='page_1' title='image "./bullarumdiplomat08cath/bullarumdiplomat08cath_0800.png"; bbox 0 0 2059 3228; ppageno 0'>
   <div class='ocr_carea' id='block_1_1' title="bbox 136 245 321 276">
    <p class='ocr_par' dir='ltr' id='par_1_1' title="bbox 136 245 321 276">
     <span class='ocr_line' id='line_1_1' title="bbox 136 245 321 276; baseline -0.005 -2"><span class='ocrx_word' id='word_1_1' title='bbox 136 245 190 276; x_wconf 76' lang='lat' dir='ltr'>An,</span> <span class='ocrx_word' id='word_1_2' title='bbox 205 246 234 276; x_wconf 88' lang='lat' dir='ltr'>C.</span> <span class='ocrx_word' id='word_1_3' title='bbox 252 245 321 275; x_wconf 84' lang='lat'>1586</span> 
     </span>
    </p>
   </div>
   <div class='ocr_carea' id='block_1_2' title="bbox 133 1544 320 1690">
    <p class='ocr_par' dir='ltr' id='par_1_2' title="bbox 133 1544 320 1690">
     <span class='ocr_line' id='line_1_2' title="bbox 161 1544 320 1566; baseline 0 -1"><span class='ocrx_word' id='word_1_4' title='bbox 161 1544 268 1566; x_wconf 72' lang='lat' dir='ltr'>namnatio</span> <span class='ocrx_word' id='word_1_5' title='bbox 291 1545 320 1565; x_wconf 82' lang='lat' dir='ltr'>it-</span> 
     </span>
     <span class='ocr_line' id='line_1_3' title="bbox 133 1575 320 1603; baseline 0 -8"><span class='ocrx_word' id='word_1_6' title='bbox 133 1575 238 1596; x_wconf 63' lang='lat' dir='ltr'>licitarum</span> <span class='ocrx_word' id='word_1_7' title='bbox 279 1582 320 1603; x_wconf 75' lang='lat' dir='ltr'>pa-</span> 
     </span>
     <span class='ocr_line' id='line_1_4' title="bbox 134 1606 320 1627; baseline 0.005 -1"><span class='ocrx_word' id='word_1_8' title='bbox 134 1606 227 1626; x_wconf 83' lang='lat' dir='ltr'>ctionum</span> <span class='ocrx_word' id='word_1_9' title='bbox 243 1606 263 1627; x_wconf 84' lang='lat' dir='ltr'>iu</span> <span class='ocrx_word' id='word_1_10' title='bbox 281 1612 320 1627; x_wconf 85' lang='lat' dir='ltr'>su-</span> 
     </span>
     <span class='ocr_line' id='line_1_5' title="bbox 134 1637 320 1665; baseline -0.005 -7"><span class='ocrx_word' id='word_1_11' title='bbox 134 1637 247 1658; x_wconf 72' lang='lat' dir='ltr'>oietatibus</span> <span class='ocrx_word' id='word_1_12' title='bbox 256 1644 320 1665; x_wconf 78' lang='lat' dir='ltr'>appu-</span> 
     </span>
     <span class='ocr_line' id='line_1_6' title="bbox 134 1670 249 1690; baseline -0.009 0"><span class='ocrx_word' id='word_1_13' title='bbox 134 1670 249 1690; x_wconf 68' lang='lat' dir='ltr'>utendarum</span> 
     </span>
    </p>
   </div>
   <div class='ocr_carea' id='block_1_3' title="bbox 330 236 1109 2159">
    <p class='ocr_par' dir='ltr' id='par_1_3' title="bbox 330 236 1082 1462">
     <span class='ocr_line' id='line_1_7' title="bbox 380 236 445 270; baseline -0.031 0"><span class='ocrx_word' id='word_1_14' title='bbox 380 236 445 270; x_wconf 62' lang='lat'>784</span> 
     </span>
     <span class='ocr_line' id='line_1_8' title="bbox 332 292 1080 338; baseline -0.005 -9"><span class='ocrx_word' id='word_1_15' title='bbox 332 297 418 330; x_wconf 88' lang='lat' dir='ltr'>socio</span> <span class='ocrx_word' id='word_1_16' title='bbox 432 295 611 338; x_wconf 74' lang='lat' dir='ltr'>recipiente</span> <span class='ocrx_word' id='word_1_17' title='bbox 623 293 849 335; x_wconf 86' lang='lat' dir='ltr'>substineatur,</span> <span class='ocrx_word' id='word_1_18' title='bbox 861 298 972 326; x_wconf 83' lang='lat' dir='ltr'>contra</span> <span class='ocrx_word' id='word_1_19' title='bbox 984 292 1080 336; x_wconf 73' lang='lat' dir='ltr'>:equi-</span> 
     </span>
     <span class='ocr_line' id='line_1_9' title="bbox 333 346 1079 386; baseline -0.004 -4"><span class='ocrx_word' id='word_1_20' title='bbox 333 355 428 382; x_wconf 86' lang='lat' dir='ltr'>tatem</span> <span class='ocrx_word' id='word_1_21' title='bbox 443 354 473 381; x_wconf 90' lang='lat' dir='ltr'>et</span> <span class='ocrx_word' id='word_1_22' title='bbox 495 347 655 381; x_wconf 88' lang='lat' dir='ltr'>societatis</span> <span class='ocrx_word' id='word_1_23' title='bbox 674 347 838 386; x_wconf 85' lang='lat' dir='ltr'>iustitiam,</span> <span class='ocrx_word' id='word_1_24' title='bbox 867 346 1079 380; x_wconf 78' lang='lat' dir='ltr'>diversimode</span> 
     </span>
     <span class='ocr_line' id='line_1_10' title="bbox 332 399 1079 446; baseline -0.004 -12"><span class='ocrx_word' id='word_1_25' title='bbox 332 401 561 446; x_wconf 79' lang='lat' dir='ltr'>paciscuntur;</span> <span class='ocrx_word' id='word_1_26' title='bbox 584 400 779 445; x_wconf 87' lang='lat' dir='ltr'>eosdemque</span> <span class='ocrx_word' id='word_1_27' title='bbox 793 399 898 434; x_wconf 85' lang='lat' dir='ltr'>socios</span> <span class='ocrx_word' id='word_1_28' title='bbox 917 411 989 433; x_wconf 88' lang='lat' dir='ltr'>cum</span> <span class='ocrx_word' id='word_1_29' title='bbox 1006 399 1079 442; x_wconf 89' lang='lat' dir='ltr'>qui-</span> 
     </span>
     <span class='ocr_line' id='line_1_11' title="bbox 330 455 1078 499; baseline -0.004 -11"><span class='ocrx_word' id='word_1_30' title='bbox 330 455 390 488; x_wconf 86' lang='lat' dir='ltr'>bus</span> <span class='ocrx_word' id='word_1_31' title='bbox 410 455 618 495; x_wconf 82' lang='lat' dir='ltr'>contrahunt,</span> <span class='ocrx_word' id='word_1_32' title='bbox 639 455 834 498; x_wconf 88' lang='lat' dir='ltr'>plerumque</span> <span class='ocrx_word' id='word_1_33' title='bbox 858 464 1020 499; x_wconf 75' lang='lat' dir='ltr'>pauperes</span> <span class='ocrx_word' id='word_1_34' title='bbox 1050 459 1078 486; x_wconf 83' lang='lat' dir='ltr'>et</span> 
     </span>
     <span class='ocr_line' id='line_1_12' title="bbox 331 506 1080 551; baseline -0.004 -10"><span class='ocrx_word' id='word_1_35' title='bbox 331 518 449 551; x_wconf 77' lang='lat' dir='ltr'>egenos</span> <span class='ocrx_word' id='word_1_36' title='bbox 473 518 597 551; x_wconf 86' lang='lat' dir='ltr'>suoque</span> <span class='ocrx_word' id='word_1_37' title='bbox 617 508 726 541; x_wconf 85' lang='lat' dir='ltr'>labore</span> <span class='ocrx_word' id='word_1_38' title='bbox 752 513 782 540; x_wconf 89' lang='lat' dir='ltr'>et</span> <span class='ocrx_word' id='word_1_39' title='bbox 801 507 958 541; x_wconf 82' lang='lat' dir='ltr'>industria</span> <span class='ocrx_word' id='word_1_40' title='bbox 989 506 1080 539; x_wconf 74' lang='lat' dir='ltr'>victi-</span> 
     </span>
     <span class='ocr_line' id='line_1_13' title="bbox 331 560 1080 605; baseline -0.001 -12"><span class='ocrx_word' id='word_1_41' title='bbox 331 567 447 602; x_wconf 80' lang='lat' dir='ltr'>tantes,</span> <span class='ocrx_word' id='word_1_42' title='bbox 473 561 512 594; x_wconf 92' lang='lat' dir='ltr'>ad</span> <span class='ocrx_word' id='word_1_43' title='bbox 532 566 650 594; x_wconf 86' lang='lat' dir='ltr'>sortem</span> <span class='ocrx_word' id='word_1_44' title='bbox 677 571 733 594; x_wconf 87' lang='lat' dir='ltr'>seu</span> <span class='ocrx_word' id='word_1_45' title='bbox 754 561 891 605; x_wconf 85' lang='lat' dir='ltr'>capitale</span> <span class='ocrx_word' id='word_1_46' title='bbox 912 560 1080 593; x_wconf 84' lang='lat' dir='ltr'>restituen—</span> 
     </span>
     <span class='ocr_line' id='line_1_14' title="bbox 330 614 1078 659; baseline -0.003 -12"><span class='ocrx_word' id='word_1_47' title='bbox 330 615 420 655; x_wconf 90' lang='lat' dir='ltr'>dum,</span> <span class='ocrx_word' id='word_1_48' title='bbox 442 614 642 659; x_wconf 81' lang='lat' dir='ltr'>quicumque</span> <span class='ocrx_word' id='word_1_49' title='bbox 662 615 790 648; x_wconf 89' lang='lat' dir='ltr'>tandem</span> <span class='ocrx_word' id='word_1_50' title='bbox 817 625 909 648; x_wconf 85' lang='lat' dir='ltr'>casus</span> <span class='ocrx_word' id='word_1_51' title='bbox 929 621 1078 647; x_wconf 88' lang='lat' dir='ltr'>etrerum</span> 
     </span>
     <span class='ocr_line' id='line_1_15' title="bbox 331 667 1080 712; baseline -0.001 -12"><span class='ocrx_word' id='word_1_52' title='bbox 331 674 461 701; x_wconf 84' lang='lat' dir='ltr'>eventus</span> <span class='ocrx_word' id='word_1_53' title='bbox 481 674 710 711; x_wconf 74' lang='lat' dir='ltr'>consequatur,</span> <span class='ocrx_word' id='word_1_54' title='bbox 728 673 821 712; x_wconf 86' lang='lat' dir='ltr'>pacto</span> <span class='ocrx_word' id='word_1_55' title='bbox 837 674 868 701; x_wconf 87' lang='lat' dir='ltr'>et</span> <span class='ocrx_word' id='word_1_56' title='bbox 884 667 1080 710; x_wconf 71' lang='lat' dir='ltr'>obligatione</span> 
     </span>
     <span class='ocr_line' id='line_1_16' title="bbox 330 721 1080 766; baseline -0.001 -12"><span class='ocrx_word' id='word_1_57' title='bbox 330 721 547 765; x_wconf 78' lang='lat' dir='ltr'>obstringunt,</span> <span class='ocrx_word' id='word_1_58' title='bbox 561 722 723 766; x_wconf 86' lang='lat' dir='ltr'>simulque</span> <span class='ocrx_word' id='word_1_59' title='bbox 743 722 838 756; x_wconf 86' lang='lat' dir='ltr'>etiam</span> <span class='ocrx_word' id='word_1_60' title='bbox 857 727 977 754; x_wconf 87' lang='lat' dir='ltr'>certam</span> <span class='ocrx_word' id='word_1_61' title='bbox 998 721 1080 754; x_wconf 87' lang='lat' dir='ltr'>lucri</span> 
     </span>
     <span class='ocr_line' id='line_1_17' title="bbox 331 775 1080 819; baseline -0.001 -11"><span class='ocrx_word' id='word_1_62' title='bbox 331 776 542 819; x_wconf 77' lang='lat' dir='ltr'>quantitatem</span> <span class='ocrx_word' id='word_1_63' title='bbox 577 781 607 809; x_wconf 84' lang='lat' dir='ltr'>ct</span> <span class='ocrx_word' id='word_1_64' title='bbox 635 786 807 816; x_wconf 84' lang='lat' dir='ltr'>summam,</span> <span class='ocrx_word' id='word_1_65' title='bbox 829 775 926 808; x_wconf 81' lang='lat' dir='ltr'>veluti</span> <span class='ocrx_word' id='word_1_66' title='bbox 953 781 997 807; x_wconf 87' lang='lat' dir='ltr'>tot</span> <span class='ocrx_word' id='word_1_67' title='bbox 1023 784 1080 818; x_wconf 86' lang='lat' dir='ltr'>pro</span> 
     </span>
     <span class='ocr_line' id='line_1_18' title="bbox 330 829 1082 874; baseline -0.003 -12"><span class='ocrx_word' id='word_1_68' title='bbox 330 829 475 874; x_wconf 87' lang='lat' dir='ltr'>quolibet</span> <span class='ocrx_word' id='word_1_69' title='bbox 492 830 678 864; x_wconf 83' lang='lat' dir='ltr'>centenario</span> <span class='ocrx_word' id='word_1_70' title='bbox 698 830 729 863; x_wconf 92' lang='lat' dir='ltr'>in</span> <span class='ocrx_word' id='word_1_71' title='bbox 741 829 884 872; x_wconf 67' lang='lat' dir='ltr'>singulos</span> <span class='ocrx_word' id='word_1_72' title='bbox 904 838 1004 861; x_wconf 88' lang='lat' dir='ltr'>annos</span> <span class='ocrx_word' id='word_1_73' title='bbox 1026 833 1082 861; x_wconf 84' lang='lat' dir='ltr'>aut</span> 
     </span>
     <span class='ocr_line' id='line_1_19' title="bbox 331 882 1080 928; baseline -0.003 -13"><span class='ocrx_word' id='word_1_74' title='bbox 331 894 456 917; x_wconf 87' lang='lat' dir='ltr'>menses</span> <span class='ocrx_word' id='word_1_75' title='bbox 477 894 533 928; x_wconf 85' lang='lat' dir='ltr'>per</span> <span class='ocrx_word' id='word_1_76' title='bbox 552 885 688 917; x_wconf 86' lang='lat' dir='ltr'>alterum</span> <span class='ocrx_word' id='word_1_77' title='bbox 709 884 845 921; x_wconf 85' lang='lat' dir='ltr'>socium,</span> <span class='ocrx_word' id='word_1_78' title='bbox 868 882 1003 915; x_wconf 84' lang='lat' dir='ltr'>durante</span> <span class='ocrx_word' id='word_1_79' title='bbox 1029 892 1080 914; x_wconf 83' lang='lat' dir='ltr'>so-</span> 
     </span>
     <span class='ocr_line' id='line_1_20' title="bbox 331 937 1082 981; baseline -0.004 -11"><span class='ocrx_word' id='word_1_80' title='bbox 331 938 458 977; x_wconf 84' lang='lat' dir='ltr'>cietate,</span> <span class='ocrx_word' id='word_1_81' title='bbox 487 937 682 978; x_wconf 88' lang='lat' dir='ltr'>solvendam,</span> <span class='ocrx_word' id='word_1_82' title='bbox 704 937 898 981; x_wconf 75' lang='lat' dir='ltr'>praefiniunt</span> <span class='ocrx_word' id='word_1_83' title='bbox 929 946 965 968; x_wconf 80' lang='lat' dir='ltr'>ac</span> <span class='ocrx_word' id='word_1_84' title='bbox 991 945 1082 979; x_wconf 82' lang='lat' dir='ltr'>prae-</span> 
     </span>
     <span class='ocr_line' id='line_1_21' title="bbox 330 989 1082 1035; baseline -0.004 -11"><span class='ocrx_word' id='word_1_85' title='bbox 330 991 495 1032; x_wconf 86' lang='lat' dir='ltr'>scribunt.;</span> <span class='ocrx_word' id='word_1_86' title='bbox 523 1002 659 1035; x_wconf 82' lang='lat' dir='ltr'>eamque</span> <span class='ocrx_word' id='word_1_87' title='bbox 680 1001 839 1024; x_wconf 88' lang='lat' dir='ltr'>summam</span> <span class='ocrx_word' id='word_1_88' title='bbox 865 995 895 1022; x_wconf 55' lang='lat' dir='ltr'>et,</span> <span class='ocrx_word' id='word_1_89' title='bbox 923 989 1082 1032; x_wconf 78' lang='lat' dir='ltr'>quantita-</span> 
     </span>
     <span class='ocr_line' id='line_1_22' title="bbox 330 1043 1081 1086; baseline -0.001 -10"><span class='ocrx_word' id='word_1_90' title='bbox 330 1050 406 1084; x_wconf 78' lang='lat' dir='ltr'>tem,</span> <span class='ocrx_word' id='word_1_91' title='bbox 426 1055 491 1078; x_wconf 91' lang='lat' dir='ltr'>non</span> <span class='ocrx_word' id='word_1_92' title='bbox 515 1045 680 1078; x_wconf 79' lang='lat' dir='ltr'>subductis</span> <span class='ocrx_word' id='word_1_93' title='bbox 702 1044 880 1077; x_wconf 71' lang='lat' dir='ltr'>rationibus</span> <span class='ocrx_word' id='word_1_94' title='bbox 900 1043 1022 1086; x_wconf 80' lang='lat' dir='ltr'>accepti</span> <span class='ocrx_word' id='word_1_95' title='bbox 1050 1047 1081 1075; x_wconf 87' lang='lat' dir='ltr'>et</span> 
     </span>
     <span class='ocr_line' id='line_1_23' title="bbox 330 1097 1080 1143; baseline -0.003 -12"><span class='ocrx_word' id='word_1_96' title='bbox 330 1098 473 1141; x_wconf 77' lang='lat' dir='ltr'>expensi,</span> <span class='ocrx_word' id='word_1_97' title='bbox 495 1098 581 1143; x_wconf 87' lang='lat' dir='ltr'>quod</span> <span class='ocrx_word' id='word_1_98' title='bbox 608 1099 638 1131; x_wconf 91' lang='lat' dir='ltr'>in</span> <span class='ocrx_word' id='word_1_99' title='bbox 661 1098 788 1132; x_wconf 72' lang='lat' dir='ltr'>codices</span> <span class='ocrx_word' id='word_1_100' title='bbox 808 1108 862 1130; x_wconf 80' lang='lat' dir='ltr'>seu</span> <span class='ocrx_word' id='word_1_101' title='bbox 885 1097 1009 1130; x_wconf 75' lang='lat' dir='ltr'>tabulas</span> <span class='ocrx_word' id='word_1_102' title='bbox 1029 1106 1080 1129; x_wconf 87' lang='grc'>50-</span> 
     </span>
     <span class='ocr_line' id='line_1_24' title="bbox 330 1149 1081 1194; baseline -0.001 -11"><span class='ocrx_word' id='word_1_103' title='bbox 330 1151 452 1185; x_wconf 80' lang='lat' dir='ltr'>cietatis</span> <span class='ocrx_word' id='word_1_104' title='bbox 472 1152 582 1185; x_wconf 82' lang='lat' dir='ltr'>referri</span> <span class='ocrx_word' id='word_1_105' title='bbox 602 1152 694 1189; x_wconf 83' lang='lat' dir='ltr'>solet,</span> <span class='ocrx_word' id='word_1_106' title='bbox 722 1162 826 1194; x_wconf 86' lang='lat' dir='ltr'>neque</span> <span class='ocrx_word' id='word_1_107' title='bbox 849 1152 930 1183; x_wconf 72' lang='lat' dir='ltr'>t‘acto</span> <span class='ocrx_word' id='word_1_108' title='bbox 955 1149 1081 1183; x_wconf 87' lang='lat' dir='ltr'>calculo</span> 
     </span>
     <span class='ocr_line' id='line_1_25' title="bbox 330 1202 1081 1249; baseline -0.003 -12"><span class='ocrx_word' id='word_1_109' title='bbox 330 1205 377 1238; x_wconf 75' lang='lat' dir='ltr'>rel</span> <span class='ocrx_word' id='word_1_110' title='bbox 396 1213 560 1248; x_wconf 83' lang='lat' dir='ltr'>computo,</span> <span class='ocrx_word' id='word_1_111' title='bbox 584 1215 643 1248; x_wconf 91' lang='lat' dir='ltr'>pro</span> <span class='ocrx_word' id='word_1_112' title='bbox 665 1205 764 1249; x_wconf 80' lang='lat' dir='ltr'>ipsius</span> <span class='ocrx_word' id='word_1_113' title='bbox 791 1204 872 1237; x_wconf 75' lang='lat' dir='ltr'>lucri</span> <span class='ocrx_word' id='word_1_114' title='bbox 897 1203 944 1236; x_wconf 79' lang='lat' dir='ltr'>vel</span> <span class='ocrx_word' id='word_1_115' title='bbox 970 1202 1081 1235; x_wconf 84' lang='lat' dir='ltr'>damni</span> 
     </span>
     <span class='ocr_line' id='line_1_26' title="bbox 331 1257 1081 1299; baseline -0.003 -9"><span class='ocrx_word' id='word_1_116' title='bbox 331 1258 426 1290; x_wconf 90' lang='lat' dir='ltr'>modo</span> <span class='ocrx_word' id='word_1_117' title='bbox 447 1258 646 1299; x_wconf 72' lang='lat' dir='ltr'>variabilem,</span> <span class='ocrx_word' id='word_1_118' title='bbox 669 1257 723 1290; x_wconf 82' lang='lat' dir='ltr'>sed</span> <span class='ocrx_word' id='word_1_119' title='bbox 749 1257 892 1290; x_wconf 70' lang='lat' dir='ltr'>tat-orem</span> <span class='ocrx_word' id='word_1_120' title='bbox 914 1262 941 1289; x_wconf 87' lang='lat' dir='ltr'>et</span> <span class='ocrx_word' id='word_1_121' title='bbox 969 1266 1081 1290; x_wconf 86' lang='lat' dir='ltr'>curam</span> 
     </span>
     <span class='ocr_line' id='line_1_27' title="bbox 331 1311 1081 1355; baseline -0.004 -10"><span class='ocrx_word' id='word_1_122' title='bbox 331 1313 538 1355; x_wconf 84' lang='lat' dir='ltr'>computandi</span> <span class='ocrx_word' id='word_1_123' title='bbox 565 1319 595 1345; x_wconf 86' lang='lat' dir='ltr'>et</span> <span class='ocrx_word' id='word_1_124' title='bbox 615 1312 798 1345; x_wconf 79' lang='lat' dir='ltr'>calculandi</span> <span class='ocrx_word' id='word_1_125' title='bbox 818 1322 850 1344; x_wconf 87' lang='lat' dir='ltr'>se</span> <span class='ocrx_word' id='word_1_126' title='bbox 872 1311 1006 1343; x_wconf 77' lang='lat' dir='ltr'>invicem</span> <span class='ocrx_word' id='word_1_127' title='bbox 1028 1320 1081 1343; x_wconf 90' lang='lat' dir='ltr'>re-</span> 
     </span>
     <span class='ocr_line' id='line_1_28' title="bbox 332 1363 1082 1407; baseline -0.001 -10"><span class='ocrx_word' id='word_1_128' title='bbox 332 1364 457 1398; x_wconf 88' lang='lat' dir='ltr'>mittere</span> <span class='ocrx_word' id='word_1_129' title='bbox 478 1371 509 1398; x_wconf 88' lang='lat' dir='ltr'>et</span> <span class='ocrx_word' id='word_1_130' title='bbox 528 1365 721 1398; x_wconf 88' lang='lat' dir='ltr'>renunciare</span> <span class='ocrx_word' id='word_1_131' title='bbox 752 1369 942 1405; x_wconf 67' lang='lat' dir='ltr'>asserentes,</span> <span class='ocrx_word' id='word_1_132' title='bbox 969 1363 1082 1407; x_wconf 73' lang='lat' dir='ltr'>quovis</span> 
     </span>
     <span class='ocr_line' id='line_1_29' title="bbox 333 1418 858 1462; baseline 0 -12"><span class='ocrx_word' id='word_1_133' title='bbox 333 1423 477 1462; x_wconf 87' lang='lat' dir='ltr'>tempore</span> <span class='ocrx_word' id='word_1_134' title='bbox 503 1425 622 1452; x_wconf 84' lang='lat' dir='ltr'>certam</span> <span class='ocrx_word' id='word_1_135' title='bbox 646 1418 858 1452; x_wconf 85' lang='lat' dir='ltr'>constituunt.</span> 
     </span>
    </p>

    <p class='ocr_par' dir='ltr' id='par_1_4' title="bbox 333 1471 1087 2159">
     <span class='ocr_line' id='line_1_30' title="bbox 376 1471 1081 1516; baseline 0 -12"><span class='ocrx_word' id='word_1_136' title='bbox 376 1473 391 1515; x_wconf 62' lang='grc' dir='ltr'>ξ</span> <span class='ocrx_word' id='word_1_137' title='bbox 412 1473 442 1504; x_wconf 71' lang='grc'>’1.</span> <span class='ocrx_word' id='word_1_138' title='bbox 466 1472 603 1506; x_wconf 86' lang='lat' dir='ltr'>Proinde</span> <span class='ocrx_word' id='word_1_139' title='bbox 623 1483 692 1513; x_wconf 75' lang='lat' dir='ltr'>nos,</span> <span class='ocrx_word' id='word_1_140' title='bbox 719 1473 773 1516; x_wconf 89' lang='lat' dir='ltr'>qui</span> <span class='ocrx_word' id='word_1_141' title='bbox 795 1473 856 1505; x_wconf 87' lang='lat' dir='ltr'>hoc</span> <span class='ocrx_word' id='word_1_142' title='bbox 878 1471 1081 1514; x_wconf 82' lang='lat' dir='ltr'>potissimum</span> 
     </span>
     <span class='ocr_line' id='line_1_31' title="bbox 333 1525 1083 1570; baseline 0 -12"><span class='ocrx_word' id='word_1_143' title='bbox 333 1536 464 1566; x_wconf 85' lang='lat' dir='ltr'>munus,</span> <span class='ocrx_word' id='word_1_144' title='bbox 496 1532 688 1570; x_wconf 77' lang='lat' dir='ltr'>nostraeque</span> <span class='ocrx_word' id='word_1_145' title='bbox 708 1526 877 1569; x_wconf 87' lang='lat' dir='ltr'>pastoralis</span> <span class='ocrx_word' id='word_1_146' title='bbox 892 1525 1083 1558; x_wconf 87' lang='lat' dir='ltr'>sollicitudi-</span> 
     </span>
     <span class='ocr_line' id='line_1_32' title="bbox 333 1579 1081 1624; baseline 0 -13"><span class='ocrx_word' id='word_1_147' title='bbox 333 1579 384 1612; x_wconf 74' lang='lat' dir='ltr'>nis</span> <span class='ocrx_word' id='word_1_148' title='bbox 397 1580 533 1612; x_wconf 76' lang='lat' dir='ltr'>maxime</span> <span class='ocrx_word' id='word_1_149' title='bbox 550 1580 720 1624; x_wconf 86' lang='lat' dir='ltr'>proprium</span> <span class='ocrx_word' id='word_1_150' title='bbox 735 1579 931 1612; x_wconf 73' lang='lat' dir='ltr'>arbitramur</span> <span class='ocrx_word' id='word_1_151' title='bbox 948 1585 981 1612; x_wconf 88' lang='lat' dir='ltr'>ut</span> <span class='ocrx_word' id='word_1_152' title='bbox 1007 1589 1081 1622; x_wconf 82' lang='lat' dir='ltr'>gre-</span> 
     </span>
     <span class='ocr_line' id='line_1_33' title="bbox 333 1633 1082 1676; baseline -0.001 -10"><span class='ocrx_word' id='word_1_153' title='bbox 333 1644 405 1676; x_wconf 63' lang='lat' dir='ltr'>gem</span> <span class='ocrx_word' id='word_1_154' title='bbox 427 1633 627 1666; x_wconf 84' lang='lat' dir='ltr'>dominicum</span> <span class='ocrx_word' id='word_1_155' title='bbox 655 1633 729 1666; x_wconf 82' lang='lat' dir='ltr'>fidei</span> <span class='ocrx_word' id='word_1_156' title='bbox 763 1638 890 1666; x_wconf 87' lang='lat' dir='ltr'>nostrae</span> <span class='ocrx_word' id='word_1_157' title='bbox 922 1633 1082 1666; x_wconf 83' lang='lat' dir='ltr'>creditum</span> 
     </span>
     <span class='ocr_line' id='line_1_34' title="bbox 333 1685 1084 1721; baseline 0 -2"><span class='ocrx_word' id='word_1_158' title='bbox 333 1687 373 1720; x_wconf 78' lang='lat' dir='ltr'>ab</span> <span class='ocrx_word' id='word_1_159' title='bbox 398 1687 485 1720; x_wconf 83' lang='lat' dir='ltr'>omni</span> <span class='ocrx_word' id='word_1_160' title='bbox 506 1687 683 1721; x_wconf 77' lang='lat' dir='ltr'>offensione</span> <span class='ocrx_word' id='word_1_161' title='bbox 705 1693 734 1720; x_wconf 89' lang='lat' dir='ltr'>et</span> <span class='ocrx_word' id='word_1_162' title='bbox 754 1685 904 1720; x_wconf 81' lang='lat' dir='ltr'>aeternae</span> <span class='ocrx_word' id='word_1_163' title='bbox 920 1687 1001 1720; x_wconf 86' lang='lat' dir='ltr'>vitae</span> <span class='ocrx_word' id='word_1_164' title='bbox 1021 1686 1084 1720; x_wconf 90' lang='lat' dir='ltr'>dis-</span> 
     </span>
     <span class='ocr_line' id='line_1_35' title="bbox 334 1739 1081 1782; baseline 0 -9"><span class='ocrx_word' id='word_1_165' title='bbox 334 1740 468 1774; x_wconf 78' lang='lat' dir='ltr'>crimine</span> <span class='ocrx_word' id='word_1_166' title='bbox 493 1746 610 1782; x_wconf 87' lang='lat' dir='ltr'>tutum‚</span> <span class='ocrx_word' id='word_1_167' title='bbox 637 1741 669 1773; x_wconf 92' lang='lat' dir='ltr'>in</span> <span class='ocrx_word' id='word_1_168' title='bbox 691 1741 772 1773; x_wconf 83' lang='lat' dir='ltr'>viam</span> <span class='ocrx_word' id='word_1_169' title='bbox 798 1740 928 1780; x_wconf 86' lang='lat' dir='ltr'>salutis,</span> <span class='ocrx_word' id='word_1_170' title='bbox 952 1739 1081 1773; x_wconf 87' lang='lat' dir='ltr'>coelesti</span> 
     </span>
     <span class='ocr_line' id='line_1_36' title="bbox 333 1793 1085 1837; baseline 0 -10"><span class='ocrx_word' id='word_1_171' title='bbox 333 1795 435 1837; x_wconf 80' lang='lat' dir='ltr'>gratia</span> <span class='ocrx_word' id='word_1_172' title='bbox 455 1794 624 1835; x_wconf 81' lang='lat' dir='ltr'>adiutrice,</span> <span class='ocrx_word' id='word_1_173' title='bbox 642 1794 780 1837; x_wconf 66' lang='lat' dir='ltr'>dirigere</span> <span class='ocrx_word' id='word_1_174' title='bbox 802 1794 953 1834; x_wconf 83' lang='lat' dir='ltr'>nitamur,</span> <span class='ocrx_word' id='word_1_175' title='bbox 973 1793 1085 1827; x_wconf 85' lang='lat' dir='ltr'>huius·</span> 
     </span>
     <span class='ocr_line' id='line_1_37' title="bbox 334 1847 1084 1891; baseline 0 -11"><span class='ocrx_word' id='word_1_176' title='bbox 334 1848 421 1880; x_wconf 84' lang='lat' dir='ltr'>modi</span> <span class='ocrx_word' id='word_1_177' title='bbox 444 1847 547 1881; x_wconf 78' lang='lat' dir='ltr'>morbi</span> <span class='ocrx_word' id='word_1_178' title='bbox 580 1848 818 1891; x_wconf 70' lang='lat' dir='ltr'>contagionem,</span> <span class='ocrx_word' id='word_1_179' title='bbox 854 1853 1025 1891; x_wconf 75' lang='lat' dir='ltr'>antequam</span> <span class='ocrx_word' id='word_1_180' title='bbox 1051 1847 1084 1880; x_wconf 91' lang='lat' dir='ltr'>in</span> 
     </span>
     <span class='ocr_line' id='line_1_38' title="bbox 335 1900 1084 1945; baseline -0.001 -10"><span class='ocrx_word' id='word_1_181' title='bbox 335 1912 495 1935; x_wconf 70' lang='lat' dir='ltr'>commum</span> <span class='ocrx_word' id='word_1_182' title='bbox 497 1913 541 1933; x_wconf 94' lang='lat' dir='ltr'>m</span> <span class='ocrx_word' id='word_1_183' title='bbox 556 1901 699 1935; x_wconf 82' lang='lat' dir='ltr'>fidelium</span> <span class='ocrx_word' id='word_1_184' title='bbox 718 1901 829 1945; x_wconf 81' lang='lat' dir='ltr'>peinie</span> <span class='ocrx_word' id='word_1_185' title='bbox 834 1901 860 1934; x_wconf 84' lang='lat' dir='ltr'>ie</span> <span class='ocrx_word' id='word_1_186' title='bbox 866 1911 894 1933; x_wconf 90' lang='lat' dir='ltr'>m</span> <span class='ocrx_word' id='word_1_187' title='bbox 908 1902 925 1933; x_wconf 91' lang='lat' dir='ltr'>l</span> <span class='ocrx_word' id='word_1_188' title='bbox 929 1900 1002 1933; x_wconf 74' lang='lat' dir='ltr'>ttius</span> <span class='ocrx_word' id='word_1_189' title='bbox 1019 1911 1084 1934; x_wconf 82' lang='lat' dir='ltr'>set-</span> 
     </span>
     <span class='ocr_line' id='line_1_39' title="bbox 334 1955 1082 1998; baseline -0.003 -11"><span class='ocrx_word' id='word_1_190' title='bbox 334 1960 600 1998; x_wconf 65' lang='lat' dir='ltr'>pat‚qu:1:.t=m‚</span> <span class='ocrx_word' id='word_1_191' title='bbox 631 1955 695 1988; x_wconf 87' lang='lat' dir='ltr'>Deo</span> <span class='ocrx_word' id='word_1_192' title='bbox 729 1955 867 1994; x_wconf 79' lang='lat' dir='ltr'>favente,</span> <span class='ocrx_word' id='word_1_193' title='bbox 899 1964 1082 1998; x_wconf 76' lang='lat' dir='ltr'>possumus,</span> 
     </span>
     <span class='ocr_line' id='line_1_40' title="bbox 337 2008 1086 2053; baseline -0.001 -12"><span class='ocrx_word' id='word_1_194' title='bbox 337 2009 449 2041; x_wconf 83' lang='lat' dir='ltr'>tollere</span> <span class='ocrx_word' id='word_1_195' title='bbox 470 2009 648 2053; x_wconf 85' lang='lat' dir='ltr'>cupientes,</span> <span class='ocrx_word' id='word_1_196' title='bbox 664 2009 701 2042; x_wconf 86' lang='lat' dir='ltr'>de</span> <span class='ocrx_word' id='word_1_197' title='bbox 717 2008 888 2041; x_wconf 82' lang='lat' dir='ltr'>attiilmtae</span> <span class='ocrx_word' id='word_1_198' title='bbox 901 2008 991 2040; x_wconf 82' lang='lat' dir='ltr'>nobis</span> <span class='ocrx_word' id='word_1_199' title='bbox 1010 2018 1086 2051; x_wconf 84' lang='lat' dir='ltr'>apo-</span> 
     </span>
     <span class='ocr_line' id='line_1_41' title="bbox 337 2061 1086 2106; baseline 0.001 -13"><span class='ocrx_word' id='word_1_200' title='bbox 337 2062 467 2095; x_wconf 85' lang='lat' dir='ltr'>stolicae</span> <span class='ocrx_word' id='word_1_201' title='bbox 484 2062 649 2106; x_wconf 79' lang='lat' dir='ltr'>potestatis</span> <span class='ocrx_word' id='word_1_202' title='bbox 670 2061 881 2105; x_wconf 81' lang='lat' dir='ltr'>plenitudine,</span> <span class='ocrx_word' id='word_1_203' title='bbox 900 2061 970 2094; x_wconf 71' lang='grc' dir='ltr'>ιι-ιιι</span> <span class='ocrx_word' id='word_1_204' title='bbox 978 2067 1086 2094; x_wconf 85' lang='lat' dir='ltr'>nostra</span> 
     </span>
     <span class='ocr_line' id='line_1_42' title="bbox 338 2115 1109 2159; baseline -0.001 -11"><span class='ocrx_word' id='word_1_205' title='bbox 338 2126 376 2158; x_wconf 81' lang='lat' dir='ltr'>pc</span> <span class='ocrx_word' id='word_1_206' title='bbox 381 2121 494 2159; x_wconf 84' lang='lat' dir='ltr'>ipctuo</span> <span class='ocrx_word' id='word_1_207' title='bbox 526 2127 549 2147; x_wconf 73' lang='lat' dir='ltr'>v·</span> <span class='ocrx_word' id='word_1_208' title='bbox 545 2116 661 2148; x_wconf 78' lang='lat' dir='ltr'>ilitura</span> <span class='ocrx_word' id='word_1_209' title='bbox 691 2115 898 2148; x_wconf 79' lang='lat' dir='ltr'>constitutioi</span> <span class='ocrx_word' id='word_1_210' title='bbox 904 2126 931 2150; x_wconf 88' lang='lat' dir='ltr'>e</span> <span class='ocrx_word' id='word_1_211' title='bbox 955 2115 1109 2147; x_wconf 82' lang='lat' dir='ltr'>damna—</span> 
     </span>
    </p>
   </div>
   <div class='ocr_carea' id='block_1_4' title="bbox 338 2134 1883 2213">
    <p class='ocr_par' dir='ltr' id='par_1_5' title="bbox 338 2134 1883 2213">
     <span class='ocr_line' id='line_1_43' title="bbox 338 2134 1883 2213; baseline -0.001 -13"><span class='ocrx_word' id='word_1_212' title='bbox 338 2180 408 2201; x_wconf 86' lang='lat' dir='ltr'>mus</span> <span class='ocrx_word' id='word_1_213' title='bbox 429 2170 681 2213; x_wconf 74' lang='lat' dir='ltr'>etr&#39;eptobamus</span> <span class='ocrx_word' id='word_1_214' title='bbox 692 2180 804 2203; x_wconf 86' lang='lat' dir='ltr'>omnes</span> <span class='ocrx_word' id='word_1_215' title='bbox 821 2175 869 2202; x_wconf 83' lang='lat' dir='ltr'>et</span> <span class='ocrx_word' id='word_1_216' title='bbox 876 2179 943 2211; x_wconf 69' lang='lat' dir='ltr'>mo&lt;</span> <span class='ocrx_word' id='word_1_217' title='bbox 947 2178 1086 2212; x_wconf 75' lang='lat' dir='ltr'>cumque</span> <span class='ocrx_word' id='word_1_218' title='bbox 1105 2184 1108 2198; x_wconf 76' lang='grc' dir='ltr'>ι</span> <span class='ocrx_word' id='word_1_219' title='bbox 1128 2166 1155 2199; x_wconf 89' lang='lat' dir='ltr'>ei</span> <span class='ocrx_word' id='word_1_220' title='bbox 1173 2166 1228 2210; x_wconf 86' lang='lat' dir='ltr'>qui</span> <span class='ocrx_word' id='word_1_221' title='bbox 1246 2166 1325 2199; x_wconf 88' lang='lat' dir='ltr'>illud</span> <span class='ocrx_word' id='word_1_222' title='bbox 1348 2166 1378 2199; x_wconf 91' lang='lat' dir='ltr'>in</span> <span class='ocrx_word' id='word_1_223' title='bbox 1397 2166 1583 2199; x_wconf 85' lang='lat' dir='ltr'>societatem</span> <span class='ocrx_word' id='word_1_224' title='bbox 1603 2134 1883 2200; x_wconf 58' lang='lat' dir='ltr'>contuteiitresti-i</span> 
     </span>
    </p>
   </div>
   <div class='ocr_carea' id='block_1_5' title="bbox 339 2223 1092 2671">
    <p class='ocr_par' dir='ltr' id='par_1_6' title="bbox 339 2223 1092 2671">
     <span class='ocr_line' id='line_1_44' title="bbox 339 2223 1087 2264; baseline -0.001 -9"><span class='ocrx_word' id='word_1_225' title='bbox 339 2228 542 2264; x_wconf 77' lang='lat' dir='ltr'>contractus,</span> <span class='ocrx_word' id='word_1_226' title='bbox 592 2223 818 2256; x_wconf 61' lang='lat' dir='ltr'>comm-itiones</span> <span class='ocrx_word' id='word_1_227' title='bbox 860 2230 886 2255; x_wconf 76' lang='grc' dir='ltr'>ιι</span> <span class='ocrx_word' id='word_1_228' title='bbox 925 2223 1087 2258; x_wconf 65' lang='lat' dir='ltr'>tuitiones</span> 
     </span>
     <span class='ocr_line' id='line_1_45' title="bbox 340 2276 1087 2320; baseline 0 -13"><span class='ocrx_word' id='word_1_229' title='bbox 340 2276 471 2318; x_wconf 85' lang='lat' dir='ltr'>posthac</span> <span class='ocrx_word' id='word_1_230' title='bbox 491 2277 649 2310; x_wconf 85' lang='lat' dir='ltr'>ineundos</span> <span class='ocrx_word' id='word_1_231' title='bbox 669 2288 724 2310; x_wconf 87' lang='lat' dir='ltr'>seu</span> <span class='ocrx_word' id='word_1_232' title='bbox 743 2277 912 2317; x_wconf 72' lang='lat' dir='ltr'>ineundas,</span> <span class='ocrx_word' id='word_1_233' title='bbox 933 2286 989 2320; x_wconf 66' lang='grc' dir='ltr'>ιιι-ι·</span> <span class='ocrx_word' id='word_1_234' title='bbox 1008 2285 1087 2317; x_wconf 79' lang='lat' dir='ltr'>quos</span> 
     </span>
     <span class='ocr_line' id='line_1_46' title="bbox 341 2329 1086 2374; baseline 0 -13"><span class='ocrx_word' id='word_1_235' title='bbox 341 2340 395 2361; x_wconf 82' lang='lat' dir='ltr'>seu</span> <span class='ocrx_word' id='word_1_236' title='bbox 425 2341 504 2373; x_wconf 87' lang='lat' dir='ltr'>quas</span> <span class='ocrx_word' id='word_1_237' title='bbox 541 2330 704 2363; x_wconf 68' lang='lat' dir='ltr'>cavebitur</span> <span class='ocrx_word' id='word_1_238' title='bbox 732 2330 878 2374; x_wconf 67' lang='lat' dir='ltr'>personis·</span> <span class='ocrx_word' id='word_1_239' title='bbox 915 2329 1086 2373; x_wconf 74' lang='lat' dir='ltr'>pecunias,</span> 
     </span>
     <span class='ocr_line' id='line_1_47' title="bbox 341 2382 1088 2427; baseline 0.001 -14"><span class='ocrx_word' id='word_1_240' title='bbox 341 2383 491 2416; x_wconf 84' lang='lat' dir='ltr'>animalia</span> <span class='ocrx_word' id='word_1_241' title='bbox 511 2389 565 2416; x_wconf 88' lang='lat' dir='ltr'>aut</span> <span class='ocrx_word' id='word_1_242' title='bbox 585 2384 744 2427; x_wconf 81' lang='lat' dir='ltr'>quaslibet</span> <span class='ocrx_word' id='word_1_243' title='bbox 761 2384 837 2416; x_wconf 86' lang='lat' dir='ltr'>alias</span> <span class='ocrx_word' id='word_1_244' title='bbox 858 2394 908 2416; x_wconf 90' lang='lat' dir='ltr'>res</span> <span class='ocrx_word' id='word_1_245' title='bbox 928 2382 1088 2416; x_wconf 74' lang='lat' dir='ltr'>societatis</span> 
     </span>
     <span class='ocr_line' id='line_1_48' title="bbox 342 2431 1088 2472; baseline 0.003 -10"><span class='ocrx_word' id='word_1_246' title='bbox 342 2431 471 2465; x_wconf 87' lang='lat' dir='ltr'>nomine</span> <span class='ocrx_word' id='word_1_247' title='bbox 505 2433 717 2472; x_wconf 80' lang='lat' dir='ltr'>tradentibus,</span> <span class='ocrx_word' id='word_1_248' title='bbox 739 2438 773 2465; x_wconf 94' lang='lat' dir='ltr'>ut</span> <span class='ocrx_word' id='word_1_249' title='bbox 794 2432 888 2464; x_wconf 88' lang='lat' dir='ltr'>etiam</span> <span class='ocrx_word' id='word_1_250' title='bbox 911 2431 934 2463; x_wconf 82' lang='lat' dir='ltr'>si</span> <span class='ocrx_word' id='word_1_251' title='bbox 958 2431 1088 2464; x_wconf 89' lang='lat' dir='ltr'>t&#39;ortuito</span> 
     </span>
     <span class='ocr_line' id='line_1_49' title="bbox 342 2481 1090 2523; baseline 0.003 -13"><span class='ocrx_word' id='word_1_252' title='bbox 342 2490 417 2511; x_wconf 81' lang='lat' dir='ltr'>casu</span> <span class='ocrx_word' id='word_1_253' title='bbox 450 2482 626 2523; x_wconf 80' lang='lat' dir='ltr'>quamlibet</span> <span class='ocrx_word' id='word_1_254' title='bbox 652 2481 819 2521; x_wconf 82' lang='lat' dir='ltr'>iacturam,</span> <span class='ocrx_word' id='word_1_255' title='bbox 853 2481 1005 2514; x_wconf 83' lang='lat' dir='ltr'>damnum</span> <span class='ocrx_word' id='word_1_256' title='bbox 1035 2486 1090 2512; x_wconf 86' lang='lat' dir='ltr'>aut</span> 
     </span>
     <span class='ocr_line' id='line_1_50' title="bbox 343 2528 1089 2573; baseline 0.004 -14"><span class='ocrx_word' id='word_1_257' title='bbox 343 2528 546 2562; x_wconf 80' lang='lat' dir='ltr'>amissionem</span> <span class='ocrx_word' id='word_1_258' title='bbox 564 2530 654 2573; x_wconf 80' lang='lat' dir='ltr'>sequi</span> <span class='ocrx_word' id='word_1_259' title='bbox 669 2530 845 2572; x_wconf 71' lang='lat' dir='ltr'>contingat,</span> <span class='ocrx_word' id='word_1_260' title='bbox 864 2540 931 2563; x_wconf 85' lang='lat' dir='ltr'>sors</span> <span class='ocrx_word' id='word_1_261' title='bbox 952 2530 1020 2572; x_wconf 74' lang='lat' dir='ltr'>ipsa</span> <span class='ocrx_word' id='word_1_262' title='bbox 1034 2539 1089 2562; x_wconf 85' lang='lat' dir='ltr'>seu</span> 
     </span>
     <span class='ocr_line' id='line_1_51' title="bbox 343 2576 1089 2622; baseline 0.005 -16"><span class='ocrx_word' id='word_1_263' title='bbox 343 2576 478 2619; x_wconf 74' lang='lat' dir='ltr'>capitale</span> <span class='ocrx_word' id='word_1_264' title='bbox 502 2587 630 2622; x_wconf 84' lang='lat' dir='ltr'>semper</span> <span class='ocrx_word' id='word_1_265' title='bbox 648 2578 771 2611; x_wconf 84' lang='lat' dir='ltr'>salvum</span> <span class='ocrx_word' id='word_1_266' title='bbox 796 2579 848 2617; x_wconf 84' lang='lat' dir='ltr'>sit,</span> <span class='ocrx_word' id='word_1_267' title='bbox 871 2585 898 2611; x_wconf 87' lang='lat' dir='ltr'>et</span> <span class='ocrx_word' id='word_1_268' title='bbox 931 2579 1089 2621; x_wconf 67' lang='lat' dir='ltr'>integrum</span> 
     </span>
     <span class='ocr_line' id='line_1_52' title="bbox 342 2626 1092 2671; baseline 0.003 -13"><span class='ocrx_word' id='word_1_269' title='bbox 342 2636 358 2658; x_wconf 74' lang='lat' dir='ltr'>u</span> <span class='ocrx_word' id='word_1_270' title='bbox 389 2626 474 2659; x_wconf 70' lang='lat' dir='ltr'>socio</span> <span class='ocrx_word' id='word_1_271' title='bbox 497 2627 671 2671; x_wconf 77' lang='lat' dir='ltr'>recipiente</span> <span class='ocrx_word' id='word_1_272' title='bbox 692 2627 888 2667; x_wconf 68' lang='lat' dir='ltr'>restituatur,</span> <span class='ocrx_word' id='word_1_273' title='bbox 910 2627 974 2660; x_wconf 71' lang='lat' dir='ltr'>sive</span> <span class='ocrx_word' id='word_1_274' title='bbox 999 2633 1029 2660; x_wconf 89' lang='lat' dir='ltr'>ut</span> <span class='ocrx_word' id='word_1_275' title='bbox 1053 2627 1092 2660; x_wconf 86' lang='lat' dir='ltr'>de</span> 
     </span>
    </p>
   </div>
   <div class='ocr_carea' id='block_1_6' title="bbox 927 240 1280 265">
    <p class='ocr_par' dir='ltr' id='par_1_7' title="bbox 927 240 1280 265">
     <span class='ocr_line' id='line_1_53' title="bbox 927 240 1280 265; baseline 0 0"><span class='ocrx_word' id='word_1_276' title='bbox 927 240 1106 265; x_wconf 64' lang='lat' dir='ltr'>BUHARWM</span> <span class='ocrx_word' id='word_1_277' title='bbox 1129 240 1280 265; x_wconf 39' lang='lat' dir='ltr'>noxthNUM</span> 
     </span>
    </p>
   </div>
   <div class='ocr_carea' id='block_1_7' title="bbox 1105 237 2034 2156">
    <p class='ocr_par' dir='ltr' id='par_1_8' title="bbox 1120 237 2034 1299">
     <span class='ocr_line' id='line_1_54' title="bbox 1883 237 2034 271; baseline 0.02 -3"><span class='ocrx_word' id='word_1_278' title='bbox 1883 237 1991 271; x_wconf 59' lang='lat' dir='ltr'>Aac-⁶</span> <span class='ocrx_word' id='word_1_279' title='bbox 2031 243 2034 249; x_wconf 85' lang='lat'>·</span> 
     </span>
     <span class='ocr_line' id='line_1_55' title="bbox 1124 291 1870 337; baseline 0.001 -13"><span class='ocrx_word' id='word_1_280' title='bbox 1124 297 1211 325; x_wconf 83' lang='lat' dir='ltr'>certa</span> <span class='ocrx_word' id='word_1_281' title='bbox 1236 291 1413 335; x_wconf 84' lang='lat' dir='ltr'>quantitate</span> <span class='ocrx_word' id='word_1_282' title='bbox 1436 292 1484 325; x_wconf 86' lang='lat' dir='ltr'>vel</span> <span class='ocrx_word' id='word_1_283' title='bbox 1513 302 1638 327; x_wconf 88' lang='lat' dir='ltr'>summa</span> <span class='ocrx_word' id='word_1_284' title='bbox 1665 293 1698 327; x_wconf 87' lang='lat' dir='ltr'>in</span> <span class='ocrx_word' id='word_1_285' title='bbox 1726 293 1870 337; x_wconf 82' lang='lat' dir='ltr'>singulos</span> 
     </span>
     <span class='ocr_line' id='line_1_56' title="bbox 1120 345 1871 387; baseline 0.004 -10"><span class='ocrx_word' id='word_1_286' title='bbox 1120 355 1222 378; x_wconf 85' lang='lat' dir='ltr'>annos</span> <span class='ocrx_word' id='word_1_287' title='bbox 1242 350 1297 378; x_wconf 79' lang='lat' dir='ltr'>aut</span> <span class='ocrx_word' id='word_1_288' title='bbox 1317 355 1454 385; x_wconf 89' lang='lat' dir='ltr'>menses,</span> <span class='ocrx_word' id='word_1_289' title='bbox 1475 345 1611 379; x_wconf 79' lang='lat' dir='ltr'>durante</span> <span class='ocrx_word' id='word_1_290' title='bbox 1631 347 1793 387; x_wconf 83' lang='lat' dir='ltr'>societate,</span> <span class='ocrx_word' id='word_1_291' title='bbox 1821 357 1871 380; x_wconf 89' lang='lat' dir='ltr'>re·</span> 
     </span>
     <span class='ocr_line' id='line_1_57' title="bbox 1121 398 1869 442; baseline 0.004 -12"><span class='ocrx_word' id='word_1_292' title='bbox 1121 398 1329 441; x_wconf 85' lang='lat' dir='ltr'>spondeatur.</span> <span class='ocrx_word' id='word_1_293' title='bbox 1344 398 1585 442; x_wconf 83' lang='lat' dir='ltr'>Statuimusqne</span> <span class='ocrx_word' id='word_1_294' title='bbox 1595 399 1780 433; x_wconf 86' lang='lat' dir='ltr'>huiusmodi</span> <span class='ocrx_word' id='word_1_295' title='bbox 1794 410 1869 433; x_wconf 90' lang='lat' dir='ltr'>con-</span> 
     </span>
     <span class='ocr_line' id='line_1_58' title="bbox 1122 452 1870 496; baseline 0.003 -12"><span class='ocrx_word' id='word_1_296' title='bbox 1122 456 1254 492; x_wconf 83' lang='lat' dir='ltr'>tractus,</span> <span class='ocrx_word' id='word_1_297' title='bbox 1276 452 1506 485; x_wconf 82' lang='lat' dir='ltr'>conventiones</span> <span class='ocrx_word' id='word_1_298' title='bbox 1526 457 1555 485; x_wconf 85' lang='lat' dir='ltr'>et</span> <span class='ocrx_word' id='word_1_299' title='bbox 1576 453 1740 496; x_wconf 83' lang='lat' dir='ltr'>pactiones</span> <span class='ocrx_word' id='word_1_300' title='bbox 1758 463 1870 486; x_wconf 81' lang='lat' dir='ltr'>usura-</span> 
     </span>
     <span class='ocr_line' id='line_1_59' title="bbox 1122 504 1868 549; baseline 0.004 -12"><span class='ocrx_word' id='word_1_301' title='bbox 1122 504 1186 538; x_wconf 85' lang='lat' dir='ltr'>rios</span> <span class='ocrx_word' id='word_1_302' title='bbox 1206 511 1237 538; x_wconf 89' lang='lat' dir='ltr'>et</span> <span class='ocrx_word' id='word_1_303' title='bbox 1269 505 1399 539; x_wconf 89' lang='lat' dir='ltr'>illicitos</span> <span class='ocrx_word' id='word_1_304' title='bbox 1424 506 1558 549; x_wconf 82' lang='lat' dir='ltr'>posthac</span> <span class='ocrx_word' id='word_1_305' title='bbox 1579 505 1702 539; x_wconf 84' lang='lat' dir='ltr'>censeri</span> <span class='ocrx_word' id='word_1_306' title='bbox 1732 506 1868 546; x_wconf 86' lang='lat' dir='ltr'>debere;</span> 
     </span>
     <span class='ocr_line' id='line_1_60' title="bbox 1122 559 1870 603; baseline 0.003 -13"><span class='ocrx_word' id='word_1_307' title='bbox 1122 563 1217 601; x_wconf 85' lang='lat' dir='ltr'>atque</span> <span class='ocrx_word' id='word_1_308' title='bbox 1238 559 1270 591; x_wconf 87' lang='lat' dir='ltr'>in</span> <span class='ocrx_word' id='word_1_309' title='bbox 1290 564 1455 603; x_wconf 88' lang='lat' dir='ltr'>posterum</span> <span class='ocrx_word' id='word_1_310' title='bbox 1477 570 1540 592; x_wconf 90' lang='lat' dir='ltr'>non</span> <span class='ocrx_word' id='word_1_311' title='bbox 1563 559 1659 592; x_wconf 79' lang='lat' dir='ltr'>licere</span> <span class='ocrx_word' id='word_1_312' title='bbox 1681 559 1728 599; x_wconf 90' lang='lat' dir='ltr'>iis,</span> <span class='ocrx_word' id='word_1_313' title='bbox 1741 559 1796 603; x_wconf 89' lang='lat' dir='ltr'>qui</span> <span class='ocrx_word' id='word_1_314' title='bbox 1813 569 1870 603; x_wconf 82' lang='lat' dir='ltr'>pe-</span> 
     </span>
     <span class='ocr_line' id='line_1_61' title="bbox 1122 611 1872 646; baseline 0.003 -2"><span class='ocrx_word' id='word_1_315' title='bbox 1122 612 1232 644; x_wconf 82' lang='lat' dir='ltr'>cunias</span> <span class='ocrx_word' id='word_1_316' title='bbox 1256 613 1305 644; x_wconf 79' lang='lat' dir='ltr'>vel</span> <span class='ocrx_word' id='word_1_317' title='bbox 1329 612 1480 645; x_wconf 81' lang='lat' dir='ltr'>animalia</span> <span class='ocrx_word' id='word_1_318' title='bbox 1500 617 1556 645; x_wconf 87' lang='lat' dir='ltr'>aut</span> <span class='ocrx_word' id='word_1_319' title='bbox 1587 613 1664 645; x_wconf 81' lang='lat' dir='ltr'>alias</span> <span class='ocrx_word' id='word_1_320' title='bbox 1684 622 1734 645; x_wconf 86' lang='lat' dir='ltr'>res</span> <span class='ocrx_word' id='word_1_321' title='bbox 1766 611 1799 646; x_wconf 86' lang='lat' dir='ltr'>in</span> <span class='ocrx_word' id='word_1_322' title='bbox 1818 623 1872 646; x_wconf 90' lang='lat' dir='ltr'>so-</span> 
     </span>
     <span class='ocr_line' id='line_1_62' title="bbox 1121 665 1871 710; baseline 0.003 -12"><span class='ocrx_word' id='word_1_323' title='bbox 1121 665 1268 698; x_wconf 85' lang='lat' dir='ltr'>cietatem</span> <span class='ocrx_word' id='word_1_324' title='bbox 1286 666 1423 706; x_wconf 86' lang='lat' dir='ltr'>tradent,</span> <span class='ocrx_word' id='word_1_325' title='bbox 1443 667 1482 699; x_wconf 87' lang='lat' dir='ltr'>de</span> <span class='ocrx_word' id='word_1_326' title='bbox 1503 671 1590 699; x_wconf 85' lang='lat' dir='ltr'>certo</span> <span class='ocrx_word' id='word_1_327' title='bbox 1603 665 1706 707; x_wconf 89' lang='lat' dir='ltr'>lucro,</span> <span class='ocrx_word' id='word_1_328' title='bbox 1725 671 1762 698; x_wconf 84' lang='lat' dir='ltr'>ut</span> <span class='ocrx_word' id='word_1_329' title='bbox 1776 676 1871 710; x_wconf 85' lang='lat' dir='ltr'>prae-</span> 
     </span>
     <span class='ocr_line' id='line_1_63' title="bbox 1123 719 1872 764; baseline 0.003 -13"><span class='ocrx_word' id='word_1_330' title='bbox 1123 719 1244 760; x_wconf 72' lang='lat' dir='ltr'>fertur,</span> <span class='ocrx_word' id='word_1_331' title='bbox 1277 719 1487 764; x_wconf 88' lang='lat' dir='ltr'>percipiendo</span> <span class='ocrx_word' id='word_1_332' title='bbox 1518 720 1602 752; x_wconf 85' lang='lat' dir='ltr'>inter</span> <span class='ocrx_word' id='word_1_333' title='bbox 1635 730 1668 752; x_wconf 88' lang='lat' dir='ltr'>se</span> <span class='ocrx_word' id='word_1_334' title='bbox 1689 719 1808 764; x_wconf 88' lang='lat' dir='ltr'>pacisci</span> <span class='ocrx_word' id='word_1_335' title='bbox 1841 724 1872 753; x_wconf 85' lang='lat' dir='ltr'>et</span> 
     </span>
     <span class='ocr_line' id='line_1_64' title="bbox 1123 772 1871 816; baseline 0.001 -11"><span class='ocrx_word' id='word_1_336' title='bbox 1123 773 1335 811; x_wconf 54' lang='lat' dir='ltr'>eonem-darm</span> <span class='ocrx_word' id='word_1_337' title='bbox 1357 783 1462 816; x_wconf 86' lang='lat' dir='ltr'>neque</span> <span class='ocrx_word' id='word_1_338' title='bbox 1482 772 1590 813; x_wconf 83' lang='lat' dir='ltr'>etiam,</span> <span class='ocrx_word' id='word_1_339' title='bbox 1608 773 1672 806; x_wconf 77' lang='lat' dir='ltr'>sive</span> <span class='ocrx_word' id='word_1_340' title='bbox 1687 773 1725 806; x_wconf 85' lang='lat' dir='ltr'>ad</span> <span class='ocrx_word' id='word_1_341' title='bbox 1746 778 1871 806; x_wconf 87' lang='lat' dir='ltr'>certum</span> 
     </span>
     <span class='ocr_line' id='line_1_65' title="bbox 1122 826 1872 874; baseline 0.003 -16"><span class='ocrx_word' id='word_1_342' title='bbox 1122 826 1186 859; x_wconf 73' lang='lat' dir='ltr'>sive</span> <span class='ocrx_word' id='word_1_343' title='bbox 1207 826 1557 859; x_wconf 88' lang='lat' dir='ltr'>adineertumlucrum</span> <span class='ocrx_word' id='word_1_344' title='bbox 1579 826 1798 869; x_wconf 82' lang='lat' dir='ltr'>convenerint,</span> <span class='ocrx_word' id='word_1_345' title='bbox 1821 837 1872 874; x_wconf 69' lang='lat' dir='ltr'>so7,</span> 
     </span>
     <span class='ocr_line' id='line_1_66' title="bbox 1122 879 1871 924; baseline 0.005 -13"><span class='ocrx_word' id='word_1_346' title='bbox 1122 879 1201 919; x_wconf 83' lang='lat' dir='ltr'>cios,</span> <span class='ocrx_word' id='word_1_347' title='bbox 1220 881 1275 924; x_wconf 87' lang='lat' dir='ltr'>qui</span> <span class='ocrx_word' id='word_1_348' title='bbox 1297 891 1333 913; x_wconf 85' lang='lat' dir='ltr'>ea</span> <span class='ocrx_word' id='word_1_349' title='bbox 1354 880 1523 924; x_wconf 77' lang='lat' dir='ltr'>recipient,</span> <span class='ocrx_word' id='word_1_350' title='bbox 1542 880 1580 913; x_wconf 84' lang='lat' dir='ltr'>ad</span> <span class='ocrx_word' id='word_1_351' title='bbox 1600 885 1718 914; x_wconf 78' lang='lat' dir='ltr'>sortem</span> <span class='ocrx_word' id='word_1_352' title='bbox 1739 891 1797 914; x_wconf 83' lang='lat' dir='ltr'>seu</span> <span class='ocrx_word' id='word_1_353' title='bbox 1817 891 1871 915; x_wconf 77' lang='lat' dir='ltr'>ca-</span> 
     </span>
     <span class='ocr_line' id='line_1_67' title="bbox 1122 927 1876 977; baseline 0.003 -12"><span class='ocrx_word' id='word_1_354' title='bbox 1122 933 1218 976; x_wconf 81' lang='lat' dir='ltr'>pitale</span> <span class='ocrx_word' id='word_1_355' title='bbox 1239 934 1359 967; x_wconf 82' lang='lat' dir='ltr'>salvum</span> <span class='ocrx_word' id='word_1_356' title='bbox 1380 939 1411 967; x_wconf 88' lang='lat' dir='ltr'>et</span> <span class='ocrx_word' id='word_1_357' title='bbox 1431 934 1605 977; x_wconf 81' lang='lat' dir='ltr'>integrum,</span> <span class='ocrx_word' id='word_1_358' title='bbox 1620 934 1674 967; x_wconf 85' lang='lat' dir='ltr'>ubi</span> <span class='ocrx_word' id='word_1_359' title='bbox 1696 934 1776 967; x_wconf 88' lang='lat' dir='ltr'>illud</span> <span class='ocrx_word' id='word_1_360' title='bbox 1792 927 1876 968; x_wconf 49' lang='lat' dir='ltr'>casu*</span> 
     </span>
     <span class='ocr_line' id='line_1_68' title="bbox 1123 986 1871 1030; baseline 0.007 -13"><span class='ocrx_word' id='word_1_361' title='bbox 1123 986 1255 1020; x_wconf 88' lang='lat' dir='ltr'>l&#39;ortuito</span> <span class='ocrx_word' id='word_1_362' title='bbox 1288 988 1421 1030; x_wconf 86' lang='lat' dir='ltr'>perierit</span> <span class='ocrx_word' id='word_1_363' title='bbox 1450 988 1498 1021; x_wconf 78' lang='lat' dir='ltr'>vel</span> <span class='ocrx_word' id='word_1_364' title='bbox 1522 988 1678 1020; x_wconf 74' lang='lat' dir='ltr'>amissumv</span> <span class='ocrx_word' id='word_1_365' title='bbox 1695 988 1767 1030; x_wconf 85' lang='lat' dir='ltr'>erit,</span> <span class='ocrx_word' id='word_1_366' title='bbox 1797 988 1871 1022; x_wconf 86' lang='lat' dir='ltr'>red-</span> 
     </span>
     <span class='ocr_line' id='line_1_69' title="bbox 1122 1039 1879 1085; baseline 0.007 -15"><span class='ocrx_word' id='word_1_367' title='bbox 1122 1039 1261 1073; x_wconf 81' lang='lat' dir='ltr'>dendum</span> <span class='ocrx_word' id='word_1_368' title='bbox 1276 1040 1387 1084; x_wconf 68' lang='lat' dir='ltr'>quovis</span> <span class='ocrx_word' id='word_1_369' title='bbox 1406 1046 1499 1084; x_wconf 85' lang='lat' dir='ltr'>pacto</span> <span class='ocrx_word' id='word_1_370' title='bbox 1519 1047 1573 1074; x_wconf 90' lang='lat' dir='ltr'>aut</span> <span class='ocrx_word' id='word_1_371' title='bbox 1585 1041 1799 1085; x_wconf 83' lang='lat' dir='ltr'>promissione</span> <span class='ocrx_word' id='word_1_372' title='bbox 1811 1041 1879 1079; x_wconf 55' lang='lat' dir='ltr'>sitit</span> 
     </span>
     <span class='ocr_line' id='line_1_70' title="bbox 1122 1093 1872 1136; baseline 0.007 -12"><span class='ocrx_word' id='word_1_373' title='bbox 1122 1093 1274 1136; x_wconf 77' lang='lat' dir='ltr'>obligare.</span> <span class='ocrx_word' id='word_1_374' title='bbox 1297 1095 1340 1127; x_wconf 70' lang='lat' dir='ltr'>Ac</span> <span class='ocrx_word' id='word_1_375' title='bbox 1361 1105 1400 1127; x_wconf 82' lang='lat' dir='ltr'>ne</span> <span class='ocrx_word' id='word_1_376' title='bbox 1421 1095 1458 1127; x_wconf 83' lang='lat' dir='ltr'>de</span> <span class='ocrx_word' id='word_1_377' title='bbox 1479 1101 1586 1128; x_wconf 88' lang='lat' dir='ltr'>cetero</span> <span class='ocrx_word' id='word_1_378' title='bbox 1606 1094 1776 1129; x_wconf 84' lang='lat' dir='ltr'>societates</span> <span class='ocrx_word' id='word_1_379' title='bbox 1801 1095 1872 1129; x_wconf 89' lang='lat' dir='ltr'>ine-</span> 
     </span>
     <span class='ocr_line' id='line_1_71' title="bbox 1124 1147 1872 1192; baseline 0.005 -14"><span class='ocrx_word' id='word_1_380' title='bbox 1124 1153 1219 1179; x_wconf 87' lang='lat' dir='ltr'>antur</span> <span class='ocrx_word' id='word_1_381' title='bbox 1242 1147 1301 1180; x_wconf 83' lang='lat' dir='ltr'>sub</span> <span class='ocrx_word' id='word_1_382' title='bbox 1322 1148 1507 1181; x_wconf 82' lang='lat' dir='ltr'>huiusmodi</span> <span class='ocrx_word' id='word_1_383' title='bbox 1532 1149 1634 1192; x_wconf 78' lang='lat' dir='ltr'>pactis</span> <span class='ocrx_word' id='word_1_384' title='bbox 1657 1154 1689 1182; x_wconf 85' lang='lat' dir='ltr'>et</span> <span class='ocrx_word' id='word_1_385' title='bbox 1714 1148 1872 1183; x_wconf 85' lang='lat' dir='ltr'>conditio-</span> 
     </span>
     <span class='ocr_line' id='line_1_72' title="bbox 1122 1201 1869 1246; baseline 0.005 -14"><span class='ocrx_word' id='word_1_386' title='bbox 1122 1201 1225 1241; x_wconf 83' lang='lat' dir='ltr'>nibus,</span> <span class='ocrx_word' id='word_1_387' title='bbox 1236 1212 1317 1244; x_wconf 78' lang='lat' dir='ltr'>quae</span> <span class='ocrx_word' id='word_1_388' title='bbox 1329 1202 1510 1235; x_wconf 82' lang='lat' dir='ltr'>usurariam</span> <span class='ocrx_word' id='word_1_389' title='bbox 1523 1203 1710 1245; x_wconf 72' lang='lat' dir='ltr'>pravitatem</span> <span class='ocrx_word' id='word_1_390' title='bbox 1727 1202 1869 1246; x_wconf 81' lang='lat' dir='ltr'>sapiunt,</span> 
     </span>
     <span class='ocr_line' id='line_1_73' title="bbox 1121 1254 1800 1299; baseline 0.004 -13"><span class='ocrx_word' id='word_1_391' title='bbox 1121 1254 1262 1287; x_wconf 81' lang='lat' dir='ltr'>districte</span> <span class='ocrx_word' id='word_1_392' title='bbox 1283 1255 1507 1288; x_wconf 87' lang='lat' dir='ltr'>interdicimus</span> <span class='ocrx_word' id='word_1_393' title='bbox 1527 1262 1558 1288; x_wconf 89' lang='lat' dir='ltr'>et</span> <span class='ocrx_word' id='word_1_394' title='bbox 1578 1255 1800 1299; x_wconf 81' lang='lat' dir='ltr'>prohibemus.</span> 
     </span>
    </p>

    <p class='ocr_par' dir='ltr' id='par_1_9' title="bbox 1121 1308 2027 2156">
     <span class='ocr_line' id='line_1_74' title="bbox 1164 1308 2027 1353; baseline 0.002 -11.002"><span class='ocrx_word' id='word_1_395' title='bbox 1164 1308 1179 1351; x_wconf 69' lang='grc' dir='ltr'>ἓ</span> <span class='ocrx_word' id='word_1_396' title='bbox 1199 1308 1229 1342; x_wconf 73' lang='grc' dir='ltr'>ΕΖ.</span> <span class='ocrx_word' id='word_1_397' title='bbox 1253 1308 1314 1342; x_wconf 86' lang='lat' dir='ltr'>Sed</span> <span class='ocrx_word' id='word_1_398' title='bbox 1340 1309 1447 1353; x_wconf 81' lang='lat' dir='ltr'>potius</span> <span class='ocrx_word' id='word_1_399' title='bbox 1467 1310 1574 1343; x_wconf 88' lang='lat' dir='ltr'>cuncti</span> <span class='ocrx_word' id='word_1_400' title='bbox 1601 1309 1747 1344; x_wconf 71' lang='lat' dir='ltr'>noxeiint</span> <span class='ocrx_word' id='word_1_401' title='bbox 1767 1310 1870 1344; x_wconf 87' lang='lat' dir='ltr'>socie·</span> <span class='ocrx_word' id='word_1_402' title='bbox 1912 1320 2027 1346; x_wconf 70' lang='lat' dir='ltr'>rorum</span> 
     </span>
     <span class='ocr_line' id='line_1_75' title="bbox 1121 1353 2027 1406; baseline 0.002 -12"><span class='ocrx_word' id='word_1_403' title='bbox 1121 1367 1198 1396; x_wconf 85' lang='lat' dir='ltr'>tates</span> <span class='ocrx_word' id='word_1_404' title='bbox 1219 1362 1420 1402; x_wconf 86' lang='lat' dir='ltr'>huiusmodi,</span> <span class='ocrx_word' id='word_1_405' title='bbox 1441 1373 1515 1396; x_wconf 87' lang='lat' dir='ltr'>cum</span> <span class='ocrx_word' id='word_1_406' title='bbox 1540 1362 1572 1395; x_wconf 90' lang='lat' dir='ltr'>in</span> <span class='ocrx_word' id='word_1_407' title='bbox 1595 1368 1758 1406; x_wconf 70' lang='lat' dir='ltr'>posterum</span> <span class='ocrx_word' id='word_1_408' title='bbox 1786 1374 1870 1398; x_wconf 89' lang='lat' dir='ltr'>unus</span> <span class='ocrx_word' id='word_1_409' title='bbox 1884 1353 2027 1404; x_wconf 50' lang='lat' dir='ltr'>,2¹¹¹‘20ff&#39;f‘’</span> 
     </span>
     <span class='ocr_line' id='line_1_76' title="bbox 1122 1416 1994 1460; baseline 0.008 -12"><span class='ocrx_word' id='word_1_410' title='bbox 1122 1416 1304 1459; x_wconf 84' lang='lat' dir='ltr'>pecuniam,</span> <span class='ocrx_word' id='word_1_411' title='bbox 1326 1417 1477 1450; x_wconf 83' lang='lat' dir='ltr'>animalia</span> <span class='ocrx_word' id='word_1_412' title='bbox 1487 1423 1542 1450; x_wconf 84' lang='lat' dir='ltr'>aut</span> <span class='ocrx_word' id='word_1_413' title='bbox 1561 1418 1610 1449; x_wconf 90' lang='lat' dir='ltr'>ali·</span> <span class='ocrx_word' id='word_1_414' title='bbox 1606 1428 1639 1450; x_wconf 80' lang='lat' dir='ltr'>ts</span> <span class='ocrx_word' id='word_1_415' title='bbox 1659 1428 1709 1451; x_wconf 81' lang='lat' dir='ltr'>tes</span> <span class='ocrx_word' id='word_1_416' title='bbox 1722 1423 1753 1451; x_wconf 81' lang='lat' dir='ltr'>et</span> <span class='ocrx_word' id='word_1_417' title='bbox 1771 1417 1868 1460; x_wconf 88' lang='lat' dir='ltr'>bona,</span> <span class='ocrx_word' id='word_1_418' title='bbox 1885 1416 1966 1438; x_wconf 62' lang='lat'>“³¹⁰³&#39;‘</span> <span class='ocrx_word' id='word_1_419' title='bbox 1991 1439 1994 1443; x_wconf 85' lang='lat'><strong>·</strong></span> 
     </span>
     <span class='ocr_line' id='line_1_77' title="bbox 1122 1471 1868 1514; baseline 0.005 -12"><span class='ocrx_word' id='word_1_420' title='bbox 1122 1471 1202 1503; x_wconf 71' lang='lat' dir='ltr'>altet</span> <span class='ocrx_word' id='word_1_421' title='bbox 1217 1481 1291 1504; x_wconf 77' lang='lat' dir='ltr'>veto</span> <span class='ocrx_word' id='word_1_422' title='bbox 1312 1481 1443 1514; x_wconf 85' lang='lat' dir='ltr'>operam</span> <span class='ocrx_word' id='word_1_423' title='bbox 1464 1472 1510 1504; x_wconf 87' lang='lat' dir='ltr'>vel</span> <span class='ocrx_word' id='word_1_424' title='bbox 1526 1471 1715 1504; x_wconf 81' lang='lat' dir='ltr'>industriam</span> <span class='ocrx_word' id='word_1_425' title='bbox 1732 1472 1868 1514; x_wconf 84' lang='lat' dir='ltr'>confert</span> 
     </span>
     <span class='ocr_line' id='line_1_78' title="bbox 1123 1523 1878 1567; baseline 0.004 -11"><span class='ocrx_word' id='word_1_426' title='bbox 1123 1534 1214 1567; x_wconf 76' lang='lat' dir='ltr'>pur‚e</span> <span class='ocrx_word' id='word_1_427' title='bbox 1246 1523 1370 1557; x_wconf 86' lang='lat' dir='ltr'>sinceie</span> <span class='ocrx_word' id='word_1_428' title='bbox 1390 1531 1420 1557; x_wconf 89' lang='lat' dir='ltr'>et</span> <span class='ocrx_word' id='word_1_429' title='bbox 1449 1524 1533 1557; x_wconf 86' lang='lat' dir='ltr'>bona</span> <span class='ocrx_word' id='word_1_430' title='bbox 1562 1525 1638 1564; x_wconf 80' lang='lat' dir='ltr'>tide,</span> <span class='ocrx_word' id='word_1_431' title='bbox 1659 1525 1743 1558; x_wconf 88' lang='lat' dir='ltr'>sicut</span> <span class='ocrx_word' id='word_1_432' title='bbox 1765 1525 1878 1567; x_wconf 84' lang='lat' dir='ltr'>decet,</span> 
     </span>
     <span class='ocr_line' id='line_1_79' title="bbox 1124 1577 1874 1624; baseline 0.005 -15"><span class='ocrx_word' id='word_1_433' title='bbox 1124 1577 1213 1610; x_wconf 82' lang='lat' dir='ltr'>iustis</span> <span class='ocrx_word' id='word_1_434' title='bbox 1248 1583 1277 1610; x_wconf 86' lang='lat' dir='ltr'>et</span> <span class='ocrx_word' id='word_1_435' title='bbox 1306 1577 1417 1620; x_wconf 80' lang='lat' dir='ltr'>aequis</span> <span class='ocrx_word' id='word_1_436' title='bbox 1437 1577 1678 1611; x_wconf 80' lang='lat' dir='ltr'>conditionibus</span> <span class='ocrx_word' id='word_1_437' title='bbox 1705 1584 1735 1612; x_wconf 82' lang='lat' dir='ltr'>et</span> <span class='ocrx_word' id='word_1_438' title='bbox 1755 1579 1874 1624; x_wconf 20' lang='lat' dir='ltr'>pactis,-</span> 
     </span>
     <span class='ocr_line' id='line_1_80' title="bbox 1124 1630 1875 1678; baseline 0.007 -17"><span class='ocrx_word' id='word_1_439' title='bbox 1124 1630 1301 1663; x_wconf 72' lang='lat' dir='ltr'>secundum</span> <span class='ocrx_word' id='word_1_440' title='bbox 1336 1630 1414 1664; x_wconf 83' lang='lat' dir='ltr'>iuris</span> <span class='ocrx_word' id='word_1_441' title='bbox 1446 1631 1705 1675; x_wconf 81' lang='lat' dir='ltr'>dispositionem,</span> <span class='ocrx_word' id='word_1_442' title='bbox 1736 1642 1773 1665; x_wconf 83' lang='lat' dir='ltr'>ac</span> <span class='ocrx_word' id='word_1_443' title='bbox 1803 1631 1875 1678; x_wconf 49' lang='lat' dir='ltr'>sine:</span> 
     </span>
     <span class='ocr_line' id='line_1_81' title="bbox 1125 1680 1878 1729; baseline 0.005 -13"><span class='ocrx_word' id='word_1_444' title='bbox 1125 1685 1188 1716; x_wconf 83' lang='lat' dir='ltr'>nlla</span> <span class='ocrx_word' id='word_1_445' title='bbox 1209 1695 1343 1728; x_wconf 87' lang='lat' dir='ltr'>prorsus</span> <span class='ocrx_word' id='word_1_446' title='bbox 1361 1684 1485 1725; x_wconf 82' lang='lat' dir='ltr'>fraude,</span> <span class='ocrx_word' id='word_1_447' title='bbox 1504 1685 1691 1729; x_wconf 82' lang='lat' dir='ltr'>palliatione</span> <span class='ocrx_word' id='word_1_448' title='bbox 1711 1691 1768 1719; x_wconf 83' lang='lat' dir='ltr'>aut</span> <span class='ocrx_word' id='word_1_449' title='bbox 1794 1680 1878 1721; x_wconf 68' lang='lat' dir='ltr'>usu-..³</span> 
     </span>
     <span class='ocr_line' id='line_1_82' title="bbox 1125 1731 1882 1782; baseline 0.004 -12"><span class='ocrx_word' id='word_1_450' title='bbox 1125 1737 1227 1771; x_wconf 85' lang='lat' dir='ltr'>rariae</span> <span class='ocrx_word' id='word_1_451' title='bbox 1242 1738 1403 1781; x_wconf 74' lang='lat' dir='ltr'>pravitatis</span> <span class='ocrx_word' id='word_1_452' title='bbox 1413 1738 1483 1772; x_wconf 86' lang='lat' dir='ltr'>labe</span> <span class='ocrx_word' id='word_1_453' title='bbox 1498 1744 1550 1771; x_wconf 87' lang='lat' dir='ltr'>aut</span> <span class='ocrx_word' id='word_1_454' title='bbox 1561 1739 1745 1782; x_wconf 71' lang='lat' dir='ltr'>suspicione</span> <span class='ocrx_word' id='word_1_455' title='bbox 1756 1731 1882 1781; x_wconf 59' lang='lat' dir='ltr'>iacun-³3</span> 
     </span>
     <span class='ocr_line' id='line_1_83' title="bbox 1124 1782 1875 1831; baseline 0.005 -9"><span class='ocrx_word' id='word_1_456' title='bbox 1124 1791 1179 1824; x_wconf 73' lang='lat' dir='ltr'>(las</span> <span class='ocrx_word' id='word_1_457' title='bbox 1198 1801 1255 1824; x_wconf 90' lang='lat' dir='ltr'>seu</span> <span class='ocrx_word' id='word_1_458' title='bbox 1276 1792 1510 1825; x_wconf 83' lang='lat' dir='ltr'>contrahendas</span> <span class='ocrx_word' id='word_1_459' title='bbox 1530 1803 1614 1831; x_wconf 68' lang='lat' dir='ltr'>esse,</span> <span class='ocrx_word' id='word_1_460' title='bbox 1638 1792 1680 1825; x_wconf 83' lang='lat' dir='ltr'>ita</span> <span class='ocrx_word' id='word_1_461' title='bbox 1699 1797 1734 1825; x_wconf 94' lang='lat' dir='ltr'>ut</span> <span class='ocrx_word' id='word_1_462' title='bbox 1753 1802 1819 1826; x_wconf 88' lang='lat' dir='ltr'>non</span> <span class='ocrx_word' id='word_1_463' title='bbox 1833 1782 1875 1826; x_wconf 81' lang='lat' dir='ltr'>ad</span> 
     </span>
     <span class='ocr_line' id='line_1_84' title="bbox 1126 1844 1874 1888; baseline 0.001 -11"><span class='ocrx_word' id='word_1_464' title='bbox 1126 1850 1246 1877; x_wconf 79' lang='lat' dir='ltr'>certam</span> <span class='ocrx_word' id='word_1_465' title='bbox 1260 1855 1419 1878; x_wconf 87' lang='lat' dir='ltr'>summam</span> <span class='ocrx_word' id='word_1_466' title='bbox 1432 1851 1484 1878; x_wconf 86' lang='lat' dir='ltr'>aut</span> <span class='ocrx_word' id='word_1_467' title='bbox 1506 1845 1718 1888; x_wconf 80' lang='lat' dir='ltr'>quantitatem</span> <span class='ocrx_word' id='word_1_468' title='bbox 1730 1845 1770 1878; x_wconf 86' lang='lat' dir='ltr'>ab</span> <span class='ocrx_word' id='word_1_469' title='bbox 1785 1844 1874 1879; x_wconf 91' lang='lat' dir='ltr'>omni</span> 
     </span>
     <span class='ocr_line' id='line_1_85' title="bbox 1127 1897 1874 1942; baseline 0.003 -12"><span class='ocrx_word' id='word_1_470' title='bbox 1127 1897 1272 1942; x_wconf 79' lang='lat' dir='ltr'>periculo</span> <span class='ocrx_word' id='word_1_471' title='bbox 1293 1903 1323 1931; x_wconf 86' lang='lat' dir='ltr'>et</span> <span class='ocrx_word' id='word_1_472' title='bbox 1349 1898 1480 1940; x_wconf 80' lang='lat' dir='ltr'>damno,</span> <span class='ocrx_word' id='word_1_473' title='bbox 1502 1903 1537 1931; x_wconf 87' lang='lat' dir='ltr'>ut</span> <span class='ocrx_word' id='word_1_474' title='bbox 1558 1898 1747 1941; x_wconf 86' lang='lat' dir='ltr'>praefertur,</span> <span class='ocrx_word' id='word_1_475' title='bbox 1758 1898 1874 1932; x_wconf 89' lang='lat' dir='ltr'>immu-</span> 
     </span>
     <span class='ocr_line' id='line_1_86' title="bbox 1126 1951 1875 1996; baseline 0.001 -12"><span class='ocrx_word' id='word_1_476' title='bbox 1126 1961 1211 1992; x_wconf 82' lang='lat' dir='ltr'>nem,</span> <span class='ocrx_word' id='word_1_477' title='bbox 1233 1951 1316 1984; x_wconf 88' lang='lat' dir='ltr'>lucri</span> <span class='ocrx_word' id='word_1_478' title='bbox 1336 1951 1466 1985; x_wconf 90' lang='lat' dir='ltr'>nomine</span> <span class='ocrx_word' id='word_1_479' title='bbox 1486 1952 1742 1995; x_wconf 82' lang='lat' dir='ltr'>persolvendam,</span> <span class='ocrx_word' id='word_1_480' title='bbox 1768 1962 1875 1996; x_wconf 87' lang='lat' dir='ltr'>neque</span> 
     </span>
     <span class='ocr_line' id='line_1_87' title="bbox 1126 2005 1882 2049; baseline 0.003 -12.013"><span class='ocrx_word' id='word_1_481' title='bbox 1126 2006 1164 2038; x_wconf 78' lang='lat' dir='ltr'>ad</span> <span class='ocrx_word' id='word_1_482' title='bbox 1190 2005 1338 2049; x_wconf 84' lang='lat' dir='ltr'>capitale,</span> <span class='ocrx_word' id='word_1_483' title='bbox 1360 2005 1385 2038; x_wconf 86' lang='lat' dir='ltr'>si</span> <span class='ocrx_word' id='word_1_484' title='bbox 1409 2016 1484 2039; x_wconf 82' lang='lat' dir='ltr'>casu</span> <span class='ocrx_word' id='word_1_485' title='bbox 1510 2005 1640 2039; x_wconf 88' lang='lat' dir='ltr'>fortuito</span> <span class='ocrx_word' id='word_1_486' title='bbox 1664 2006 1759 2049; x_wconf 88' lang='lat' dir='ltr'>perit,</span> <span class='ocrx_word' id='word_1_487' title='bbox 1782 2005 1882 2044; x_wconf 67' lang='lat' dir='ltr'>resti—t</span> 
     </span>
     <span class='ocr_line' id='line_1_88' title="bbox 1128 2047 1883 2103; baseline 0.001 -12"><span class='ocrx_word' id='word_1_488' title='bbox 1128 2059 1295 2099; x_wconf 87' lang='lat' dir='ltr'>tuendum,</span> <span class='ocrx_word' id='word_1_489' title='bbox 1325 2059 1432 2092; x_wconf 85' lang='lat' dir='ltr'>socius</span> <span class='ocrx_word' id='word_1_490' title='bbox 1460 2058 1622 2103; x_wconf 85' lang='lat' dir='ltr'>accipiens</span> <span class='ocrx_word' id='word_1_491' title='bbox 1651 2047 1883 2092; x_wconf 59' lang='lat' dir='ltr'>teneatu1.Si¹*</span> 
     </span>
     <span class='ocr_line' id='line_1_89' title="bbox 1105 2112 1882 2156; baseline 0 -11"><span class='ocrx_word' id='word_1_492' title='bbox 1105 2122 1213 2153; x_wconf 74' lang='lat' dir='ltr'>»ver,o</span> <span class='ocrx_word' id='word_1_493' title='bbox 1227 2112 1316 2145; x_wconf 82' lang='lat' dir='ltr'>finita</span> <span class='ocrx_word' id='word_1_494' title='bbox 1329 2113 1491 2153; x_wconf 85' lang='lat' dir='ltr'>societate,</span> <span class='ocrx_word' id='word_1_495' title='bbox 1509 2112 1612 2156; x_wconf 85' lang='lat' dir='ltr'>ipsum</span> <span class='ocrx_word' id='word_1_496' title='bbox 1631 2112 1767 2156; x_wconf 78' lang='lat' dir='ltr'>capitale</span> <span class='ocrx_word' id='word_1_497' title='bbox 1777 2112 1882 2152; x_wconf 60' lang='lat' dir='ltr'>extasi,</span> 
     </span>
    </p>
   </div>
   <div class='ocr_carea' id='block_1_8' title="bbox 1975 0 2059 3228">
    <p class='ocr_par' dir='ltr' id='par_1_10' title="bbox 1975 0 2059 3228">
     <span class='ocr_line' id='line_1_90' title="bbox 1981 0 2059 2428; baseline 0 -1000"><span class='ocrx_word' id='word_1_498' title='bbox 1981 0 2059 2428; x_wconf 95' lang='lat' dir='ltr'>      </span> 
     </span>
     <span class='ocr_line' id='line_1_91' title="bbox 1975 2428 2059 3228; baseline 0 0"><span class='ocrx_word' id='word_1_499' title='bbox 1975 2428 2059 3228; x_wconf 95' lang='lat' dir='ltr'> </span> 
     </span>
    </p>
   </div>
   <div class='ocr_carea' id='block_1_9' title="bbox 1129 2192 2011 2668">
    <p class='ocr_par' dir='ltr' id='par_1_11' title="bbox 1129 2192 2011 2569">
     <span class='ocr_line' id='line_1_92' title="bbox 1129 2192 1991 2264; baseline -0.001 -11"><span class='ocrx_word' id='word_1_500' title='bbox 1129 2225 1257 2260; x_wconf 81' lang='lat' dir='ltr'>tuatm,</span> <span class='ocrx_word' id='word_1_501' title='bbox 1278 2220 1338 2253; x_wconf 84' lang='lat' dir='ltr'>nisi</span> <span class='ocrx_word' id='word_1_502' title='bbox 1370 2219 1457 2253; x_wconf 89' lang='lat' dir='ltr'>socio</span> <span class='ocrx_word' id='word_1_503' title='bbox 1476 2220 1645 2263; x_wconf 86' lang='lat' dir='ltr'>lecipienti</span> <span class='ocrx_word' id='word_1_504' title='bbox 1669 2219 1765 2253; x_wconf 80' lang='lat' dir='ltr'>suetit</span> <span class='ocrx_word' id='word_1_505' title='bbox 1791 2192 1886 2264; x_wconf 51' lang='lat' dir='ltr'>com-i</span> <span class='ocrx_word' id='word_1_506' title='bbox 1986 2254 1991 2259; x_wconf 68' lang='grc'><em>,</em></span> 
     </span>
     <span class='ocr_line' id='line_1_93' title="bbox 1130 2217 2011 2358; baseline -0.001 -52"><span class='ocrx_word' id='word_1_507' title='bbox 1130 2274 1344 2314; x_wconf 86' lang='lat' dir='ltr'>municatum,</span> <span class='ocrx_word' id='word_1_508' title='bbox 1366 2279 1420 2306; x_wconf 85' lang='lat' dir='ltr'>aut</span> <span class='ocrx_word' id='word_1_509' title='bbox 1441 2273 1533 2306; x_wconf 86' lang='lat' dir='ltr'>aliter</span> <span class='ocrx_word' id='word_1_510' title='bbox 1553 2273 1637 2307; x_wconf 84' lang='lat' dir='ltr'>inter</span> <span class='ocrx_word' id='word_1_511' title='bbox 1654 2274 1738 2317; x_wconf 77' lang='lat' dir='ltr'>ipsos</span> <span class='ocrx_word' id='word_1_512' title='bbox 1752 2266 1884 2307; x_wconf 57' lang='lat' dir='ltr'>contra-²</span> <span class='ocrx_word' id='word_1_513' title='bbox 1981 2217 2011 2358; x_wconf 60' lang='grc' dir='ltr'>Ξ</span> 
     </span>
     <span class='ocr_line' id='line_1_94' title="bbox 1130 2327 1875 2371; baseline -0.001 -11"><span class='ocrx_word' id='word_1_514' title='bbox 1130 2328 1242 2361; x_wconf 75' lang='lat' dir='ltr'>lientes</span> <span class='ocrx_word' id='word_1_515' title='bbox 1261 2339 1358 2371; x_wconf 80' lang='lat' dir='ltr'>super</span> <span class='ocrx_word' id='word_1_516' title='bbox 1383 2338 1419 2360; x_wconf 88' lang='lat' dir='ltr'>eo</span> <span class='ocrx_word' id='word_1_517' title='bbox 1444 2327 1586 2370; x_wconf 69' lang='lat' dir='ltr'>legitime</span> <span class='ocrx_word' id='word_1_518' title='bbox 1611 2333 1803 2361; x_wconf 66' lang='lat' dir='ltr'>coni-eumin</span> <span class='ocrx_word' id='word_1_519' title='bbox 1823 2327 1875 2360; x_wconf 87' lang='lat' dir='ltr'>sit.</span> 
     </span>
     <span class='ocr_line' id='line_1_95' title="bbox 1130 2381 1875 2425; baseline -0.003 -11"><span class='ocrx_word' id='word_1_520' title='bbox 1130 2383 1174 2414; x_wconf 78' lang='lat' dir='ltr'>Ac</span> <span class='ocrx_word' id='word_1_521' title='bbox 1189 2387 1356 2425; x_wconf 84' lang='lat' dir='ltr'>praeterea</span> <span class='ocrx_word' id='word_1_522' title='bbox 1373 2381 1470 2414; x_wconf 86' lang='lat' dir='ltr'>iidem</span> <span class='ocrx_word' id='word_1_523' title='bbox 1488 2381 1725 2420; x_wconf 78' lang='lat' dir='ltr'>contrahentes,</span> <span class='ocrx_word' id='word_1_524' title='bbox 1741 2382 1875 2420; x_wconf 78' lang='lat' dir='ltr'>tructus,</span> 
     </span>
     <span class='ocr_line' id='line_1_96' title="bbox 1130 2428 1877 2474; baseline -0.001 -12"><span class='ocrx_word' id='word_1_525' title='bbox 1130 2440 1285 2474; x_wconf 73' lang='lat' dir='ltr'>expensas</span> <span class='ocrx_word' id='word_1_526' title='bbox 1304 2435 1335 2465; x_wconf 88' lang='lat' dir='ltr'>et</span> <span class='ocrx_word' id='word_1_527' title='bbox 1347 2430 1463 2462; x_wconf 84' lang='lat' dir='ltr'>damna</span> <span class='ocrx_word' id='word_1_528' title='bbox 1475 2429 1506 2462; x_wconf 89' lang='lat' dir='ltr'>in</span> <span class='ocrx_word' id='word_1_529' title='bbox 1518 2440 1689 2462; x_wconf 82' lang='lat' dir='ltr'>commune</span> <span class='ocrx_word' id='word_1_530' title='bbox 1702 2428 1877 2469; x_wconf 77' lang='lat' dir='ltr'>conferant,</span> 
     </span>
     <span class='ocr_line' id='line_1_97' title="bbox 1131 2476 1877 2521; baseline -0.005 -9"><span class='ocrx_word' id='word_1_531' title='bbox 1131 2485 1173 2519; x_wconf 86' lang='lat' dir='ltr'>et,</span> <span class='ocrx_word' id='word_1_532' title='bbox 1198 2484 1291 2521; x_wconf 80' lang='lat' dir='ltr'>prout</span> <span class='ocrx_word' id='word_1_533' title='bbox 1311 2488 1450 2521; x_wconf 82' lang='lat' dir='ltr'>aequum</span> <span class='ocrx_word' id='word_1_534' title='bbox 1478 2483 1509 2511; x_wconf 82' lang='lat' dir='ltr'>et</span> <span class='ocrx_word' id='word_1_535' title='bbox 1542 2478 1662 2511; x_wconf 84' lang='lat' dir='ltr'>iustum</span> <span class='ocrx_word' id='word_1_536' title='bbox 1684 2477 1790 2517; x_wconf 78' lang='lat' dir='ltr'>suerit,</span> <span class='ocrx_word' id='word_1_537' title='bbox 1818 2476 1877 2510; x_wconf 77' lang='lat' dir='ltr'>sthi</span> 
     </span>
     <span class='ocr_line' id='line_1_98' title="bbox 1132 2527 1663 2569; baseline -0.006 -7"><span class='ocrx_word' id='word_1_538' title='bbox 1132 2527 1369 2562; x_wconf 63' lang='lat' dir='ltr'>communirent</span> <span class='ocrx_word' id='word_1_539' title='bbox 1393 2533 1488 2569; x_wconf 75' lang='lat' dir='ltr'>atque¹</span> <span class='ocrx_word' id='word_1_540' title='bbox 1509 2527 1663 2560; x_wconf 68' lang='lat' dir='ltr'>dividant.</span> 
     </span>
    </p>

    <p class='ocr_par' dir='ltr' id='par_1_12' title="bbox 1131 2576 1876 2668">
     <span class='ocr_line' id='line_1_99' title="bbox 1176 2576 1875 2621; baseline -0.006 -11"><span class='ocrx_word' id='word_1_541' title='bbox 1176 2578 1220 2621; x_wconf 64' lang='grc' dir='ltr'>ξ’</span> <span class='ocrx_word' id='word_1_542' title='bbox 1201 2591 1233 2610; x_wconf 66' lang='grc' dir='ltr'>ι.</span> <span class='ocrx_word' id='word_1_543' title='bbox 1249 2577 1309 2610; x_wconf 73' lang='lat' dir='ltr'>Dei·</span> <span class='ocrx_word' id='word_1_544' title='bbox 1315 2583 1475 2616; x_wconf 82' lang='lat' dir='ltr'>eruentes,</span> <span class='ocrx_word' id='word_1_545' title='bbox 1489 2576 1573 2619; x_wconf 85' lang='lat' dir='ltr'>siqui</span> <span class='ocrx_word' id='word_1_546' title='bbox 1591 2580 1875 2615; x_wconf 40' lang='lat' dir='ltr'>thiitiactusffion-</span> 
     </span>
     <span class='ocr_line' id='line_1_100' title="bbox 1131 2625 1876 2668; baseline -0.004 -8"><span class='ocrx_word' id='word_1_547' title='bbox 1131 2627 1295 2660; x_wconf 56' lang='lat' dir='ltr'>semion-3&lt;</span> <span class='ocrx_word' id='word_1_548' title='bbox 1307 2631 1338 2660; x_wconf 90' lang='lat' dir='ltr'>et</span> <span class='ocrx_word' id='word_1_549' title='bbox 1363 2625 1528 2668; x_wconf 80' lang='lat' dir='ltr'>pactiones</span> <span class='ocrx_word' id='word_1_550' title='bbox 1548 2625 1750 2663; x_wconf 71' lang='lat' dir='ltr'>intuitu-,mu</span> <span class='ocrx_word' id='word_1_551' title='bbox 1764 2628 1876 2657; x_wconf 77' lang='grc' dir='ltr'>ιοιιιιι</span> 
     </span>
    </p>
   </div>
   <div class='ocr_carea' id='block_1_10' title="bbox 1983 2360 2010 2465">
    <p class='ocr_par' dir='ltr' id='par_1_13' title="bbox 1983 2360 2010 2465">
     <span class='ocr_line' id='line_1_101' title="bbox 1983 2360 2010 2465; textangle 90"><span class='ocrx_word' id='word_1_552' title='bbox 1983 2426 2002 2465; x_wconf 67' lang='grc'>.’“</span> <span class='ocrx_word' id='word_1_553' title='bbox 1987 2360 2010 2413; x_wconf 47' lang='grc' dir='ltr'>μ’</span> 
     </span>
    </p>
   </div>
   <div class='ocr_carea' id='block_1_11' title="bbox 1910 2972 1992 3228">
    <p class='ocr_par' dir='ltr' id='par_1_14' title="bbox 1910 2972 1992 3228">
     <span class='ocr_line' id='line_1_102' title="bbox 1910 2972 1925 3228; textangle 90"><span class='ocrx_word' id='word_1_554' title='bbox 1923 3226 1925 3228; x_wconf 98' lang='grc'>.</span> <span class='ocrx_word' id='word_1_555' title='bbox 1912 3176 1920 3188; x_wconf 65' lang='lat'>⁸·</span> <span class='ocrx_word' id='word_1_556' title='bbox 1910 2972 1912 2974; x_wconf 41' lang='lat'><strong>⁴</strong></span> 
     </span>
     <span class='ocr_line' id='line_1_103' title="bbox 1937 3188 1944 3213; textangle 90"><span class='ocrx_word' id='word_1_557' title='bbox 1937 3188 1944 3213; x_wconf 68' lang='grc'>,.</span> 
     </span>
     <span class='ocr_line' id='line_1_104' title="bbox 1952 3087 1970 3182; textangle 90"><span class='ocrx_word' id='word_1_558' title='bbox 1952 3172 1966 3182; x_wconf 58' lang='lat'>⁷&gt;</span> <span class='ocrx_word' id='word_1_559' title='bbox 1958 3116 1970 3120; x_wconf 64' lang='lat'>,-</span> <span class='ocrx_word' id='word_1_560' title='bbox 1966 3087 1968 3090; x_wconf 73' lang='grc'>,</span> 
     </span>
     <span class='ocr_line' id='line_1_105' title="bbox 1971 2990 1992 3160; textangle 90"><span class='ocrx_word' id='word_1_561' title='bbox 1971 3109 1992 3160; x_wconf 57' lang='grc' dir='ltr'>,Ψρ</span> <span class='ocrx_word' id='word_1_562' title='bbox 1979 3064 1982 3070; x_wconf 99' lang='grc'>-</span> <span class='ocrx_word' id='word_1_563' title='bbox 1975 3035 1977 3037; x_wconf 94' lang='grc'><em>·</em></span> <span class='ocrx_word' id='word_1_564' title='bbox 1981 2990 1983 2994; x_wconf 93' lang='lat'><em>-</em></span> 
     </span>
    </p>
   </div>
  </div>
 </body>
</html>
