2059 3228
110 226 159 253 Αιι.
177 227 206 255 c.
227 227 292 255 1576
354 220 417 253 ‘tto

899 224 1077 249 numanum
1097 223 1249 248 ROMANUM

306 280 520 319 fundemlum,
541 289 611 311 esca
635 275 851 321 spiritualium
881 268 1054 310 alimento*

1135 275 1193 318 {3-
1206 273 1285 318 Ipsis
1301 278 1408 307 autem
1421 272 1638 307 confratribus
1650 273 1709 307 sub
1725 273 1838 307 huius·
1854 315 1884 334 <m
1924 317 1983 336 om

306 344 389 369 rum.
406 331 613 373 indulgentiis
628 329 776 364 videlicet
794 335 826 363 et
842 331 1048 374 peccatorum
1093 328 1178 360 modi
1200 328 1302 360 forma
1336 326 1388 371 pie
1408 327 1574 360 orantibus
1607 327 1711 360 varias
1730 327 1836 360 indul·
1850 343 1908 364 varie
1922 343 1970 365 inan
2045 319 2047 331 Ι

305 384 559 423 remissionibus,
591 383 729 416 libenter
750 382 930 422 invitamus,
952 387 1051 414 utcx-

304 440 387 478 inde,
408 447 540 470 suorum
555 436 676 469 abolita
692 435 819 468 macula
839 435 1045 472 delictorum,

305 492 479 535 promissae
496 489 728 533 redemptionis
750 489 893 522 fructum
923 487 1049 521 facilius

303 543 470 585 consequi,
492 547 523 575 et
542 542 582 575 ad
601 541 814 585 sempiternae
833 541 953 584 gloriae
973 541 1049 574 bea-

303 596 473 629 titudinem
492 594 628 628 feliciter
645 595 812 639 pervenire
833 599 1030 627 mereantur.

347 649 362 688 ξ
380 648 408 681 ¹l.
429 648 509 681 Cum
526 648 646 692 itaque,
665 648 749 681 sicut
779 647 973 690 accepimus,
998 657 1051 679 su-

107 712 210 734 sonans
242 701 486 747 aea-perioribus
506 700 720 745 temporibus,
741 700 888 733 videlicet
908 699 946 732 dc
964 709 1049 732 anno

106 742 291 794 ἶζῗῃέἷζᾟᾝζζ
304 754 431 787 Domini
442 754 612 787 millesimo
624 753 843 787 ducentesimo
852 752 1049 795 sexagesimo

107 811 196 825 ”mm
219 806 238 824 ⁵⁰
255 804 291 824 ff·
304 813 432 851 quarto,
460 807 493 840 in
518 807 602 840 alma
627 807 712 840 Urbe
740 812 850 839 nostra
874 806 1048 839 admodum

106 835 132 856 kae
143 835 288 859 institut-ituit,

107 871 289 906 eiuro-infirmus
303 860 436 903 insignis
465 860 601 894 societas
631 860 772 902 chulae
798 859 1050 892 Recommenda-

106 901 288 959 ξζωξῗξῗῇῗξζ
302 920 409 948 torum
427 913 571 947 eiusdem
586 914 620 946 B.
640 913 755 946 Mariae
774 912 912 955 Virginis
928 912 1046 955 primo,

301 974 331 1001 et
347 968 462 1000 deinde
476 967 658 1001 Confalonis
674 972 872 1010 nuncupata,
894 976 952 1009 per
970 976 1050 998 non-

299 1021 407 1054 nullos
421 1020 566 1064 patritios
587 1020 748 1052 Romanos
769 1025 799 1052 et
819 1018 898 1052 alios
917 1018 1048 1051 eximios

300 1085 337 1107 ac
357 1073 502 1116 egregios
534 1073 630 1112 viros,
663 1083 698 1105 ex
724 1072 915 1105 revelatione
948 1071 1049 1115 ipsius

300 1128 334 1160 B.
354 1127 469 1160 Mariae
488 1125 635 1168 Virginis,
656 1131 692 1157 ut
712 1126 762 1169 pie
778 1125 931 1165 creditur,
954 1134 1049 1157 cano-

299 1180 372 1213 nice
392 1179 548 1219 instituta,
569 1189 606 1211 ac
633 1177 810 1221 insignibus
827 1183 857 1210 et
875 1177 1049 1221 praeclaris

300 1231 486 1274 privilegiis,
506 1231 715 1274 indulgentiis
745 1231 879 1274 aliisque
899 1236 1048 1274 peccato-

301 1296 373 1318 rum
393 1284 637 1318 remissionibus
655 1294 713 1327 per
729 1284 869 1316 diversos
888 1284 1049 1316 Romanos

301 1338 471 1371 Pontifices
500 1338 764 1382 praedecessores
800 1342 926 1370 nostros
955 1337 1050 1370 deco-

302 1397 384 1424 rata.

347 1445 362 1487 g
378 1444 409 1477 2.
427 1444 466 1477 Et
485 1444 569 1477 inter
585 1448 700 1483 cetera,
718 1454 777 1487 pro
794 1442 881 1475 illius
900 1442 985 1475 felici
1003 1441 1050 1475 di-

106 1502 291 1559 corssozd‘irssffiff
303 1498 503 1539 rectione‚et
511 1497 693 1530 animarum
701 1497 892 1530 dilectorum
907 1496 1049 1529 filiorum

107 1566 134 1586 ⁶0
173 1550 246 1584 oianai
279 1551 405 1596 2ipsius
429 1551 588 1585 societatis
614 1551 815 1583 confratrum
835 1556 912 1582 tunc
942 1555 972 1582 et
991 1559 1049 1593 pro

106 1594 292 1647 ῗέιξοῗζῇωζέζῗ
304 1611 450 1649 tempore
479 1604 683 1638 existentium
714 1604 834 1642 salute,
871 1613 1049 1646 eorumque

105 1656 214 1678 ‘'³¹¹1''”2
304 1658 483 1692 devotionis
507 1658 718 1697 incremento,
739 1662 768 1690 et
790 1656 887 1689 divini
912 1656 1050 1689 nominis

305 1723 341 1745 ac
353 1712 498 1745 eiusdem
515 1711 628 1744 Beatae
640 1710 756 1743 Mariae
772 1709 909 1752 Virginis
928 1710 1051 1742 honore

306 1770 338 1798 et
347 1765 459 1807 gloria,
468 1775 525 1809 per
538 1769 685 1797 sanctum
698 1763 964 1803 Bonaventuram,
975 1768 1051 1795 tunc

304 1818 338 1850 in
358 1817 508 1851 humanis
536 1822 683 1860 agentem
710 1821 741 1849 et
766 1814 892 1848 Ordinis
916 1816 1050 1848 fratrum

304 1864 464 1905 Minorum
481 1871 522 1904 de
549 1869 757 1903 Observantia
789 1874 1050 1912 nuncupatorum

304 1925 534 1968 professorem,
553 1922 605 1966 pie
623 1927 741 1955 statuta
766 1927 795 1954 et
813 1921 970 1961 ordinata,
990 1922 1051 1955 eis-

306 1978 380 2011 dem
411 1976 626 2010 confratribus
646 1980 743 2016 certa,
759 1974 871 2014 facitis,
884 1975 1052 2007 commoda

307 2037 337 2064 et
353 2030 504 2063 omnibus
518 2029 627 2073 pervia
637 2028 749 2062 orandi
762 2034 793 2061 et
809 2028 970 2061 Altissimo
985 2039 1052 2071 pre-

307 2094 359 2116 ces
379 2082 566 2116 effundendi
580 2082 662 2115 ratio
671 2082 823 2121 etsorma,
839 2092 958 2114 corona
971 2092 1052 2114 nun-

308 2142 434 2180 cupata,
456 2135 653 2180 praescripta
672 2134 779 2176 fuerit,
801 2134 949 2168 videlicet
967 2135 1052 2178 quod

308 2189 368 2232 ipsi
399 2189 586 2228 confratres,
610 2188 681 2221 loco
701 2188 854 2220 horarum
882 2188 1053 2220 canonica—

308 2251 392 2281 rum,
407 2241 516 2284 viginti
531 2241 703 2285 quinquies
715 2240 897 2274 Orationem
915 2240 1054 2273 Domini-

309 2305 379 2327 cam
408 2301 438 2327 et
463 2295 556 2328 toties
591 2294 816 2328 salutationem
849 2293 1052 2336 Angelicam,

310 2357 384 2380 cum
400 2358 493 2380 versu
510 2347 683 2391 incipiente
699 2346 810 2380 Gloria
823 2346 932 2386 Patri,
945 2345 977 2378 in
990 2346 1053 2378 fine

309 2400 509 2443 psalmorum
525 2400 654 2433 recitari
669 2400 776 2440 solito,
795 2409 921 2432 necnon
937 2399 1054 2443 septies

309 2447 494 2481 Orationem
530 2448 827 2492 Salutationemque
867 2448 1053 2481 huiusmodi

310 2506 384 2528 cum
409 2496 567 2531 versiculo
591 2497 821 2531 Defunctorum
853 2503 1052 2540 nuncupato,

309 2544 366 2587 qui
387 2544 500 2587 incipit
533 2544 684 2588 Requiem
722 2550 900 2587 aeternam,
935 2545 1054 2578 eteius

311 2593 514 2635 responsorio
534 2593 667 2628 recitare
680 2599 876 2627 tenerentur.

1851 374 1893 395 tine
1917 380 1957 395 eon
1964 372 1988 391 -s
1997 380 2012 381 ‘⁷

1090 381 1213 423 gentius
1242 385 1274 413 et
1297 384 1504 423 peccatorum
1531 380 1738 413 remissiones
1758 391 1836 413 con—
1849 405 1943 427 suem„-

1091 444 1194 466 cessas
1224 433 1333 473 fuisse,
1363 433 1540 466 multorum
1569 433 1632 466 fide
1665 433 1838 476 dignorum

1090 486 1271 520 testimonia
1288 497 1306 519 a
1325 485 1392 518 suis
1403 485 1576 518 maioribus
1587 486 1678 529 quasi
1695 497 1754 530 per
1769 497 1838 519 ma—

1090 550 1150 572 nus
1165 539 1282 573 tradita
1299 544 1330 572 et
1350 544 1482 582 accepta
1498 539 1720 582 comprobent.
1747 539 1838 572 Cete—

1091 603 1175 633 rum,
1185 591 1470 637 propterdiuturni
1481 592 1636 635 temporis
1651 592 1840 625 huiusmodi

1090 646 1215 689 lapsum
1247 645 1399 689 illiusque
1430 644 1533 677 varias
1570 645 1766 678 calamitates
1798 655 1836 678 ac

1090 698 1236 737 iniurias,
1257 698 1296 731 de
1328 697 1590 731 concessionibus
1624 697 1839 740 indulgentia-

1090 762 1161 784 rum
1196 757 1227 785 et
1263 751 1490 784 remissionum
1525 750 1723 791 huiusmodi,
1743 751 1838 784 aliter

1089 815 1186 848 quam
1206 810 1242 838 ut
1265 805 1459 848 praefertur,
1480 814 1545 836 non
1563 809 1697 837 constet.
1984 837 1992 840 ,

1134 858 1148 903 ξ
1171 858 1203 890 4.
1225 858 1304 898 Nos,
1328 857 1496 901 cupientes
1521 862 1558 890 ut
1588 857 1656 900 ipsa
1685 857 1832 898 sociam,
1857 871 1896 894 nic
1907 874 1968 898 modo
1984 866 2000 900 ²,-
2044 851 2046 856 Ι

1090 910 1182 944 cuius
1212 911 1389 944 confratres
1407 909 1576 954 praedicti,
1597 915 1634 943 ut
1663 909 1758 943 etiam
1783 920 1834 943 ac·
1847 904 1995 957 ἓξξζέαζᾟῑ
2043 948 2047 959 .

1089 964 1246 1011 cepimus,
1260 963 1293 996 in
1314 963 1488 1007 virginibus
1508 962 1707 1007 pauperibus
1717 960 1833 1007 nuptui
1848 973 1901 988 mm
1911 969 1981 990 mvndi

1089 1017 1225 1060 singulis
1247 1017 1339 1050 annis
1374 1017 1550 1056 tradendis,
1574 1015 1679 1049 missis
1715 1021 1746 1049 et
1764 1016 1834 1050 aliis
1846 1001 1994 1057 {is's'‘”i‚,'‡a·
2024 1038 2026 1040 -
2044 1019 2046 1058 ζ

1089 1070 1204 1103 «livinis
1231 1070 1348 1103 officiis
1366 1069 1399 1102 in
1432 1080 1544 1103 eorum
1579 1069 1719 1102 oratorio
1748 1069 1833 1103 cele·
1846 1060 1957 1118 :gat-:pu-
1998 1067 1999 1072 ’

1090 1123 1232 1165 litandis,
1254 1123 1389 1167 aliisque
1408 1123 1470 1166 piis
1502 1122 1665 1166 operibus,
1684 1132 1747 1155 non
1765 1121 1835 1155 sine

1088 1187 1215 1209 summo
1235 1176 1400 1220 religionis
1426 1181 1457 1208 et
1482 1175 1621 1208 caritatis
1641 1175 1836 1217 christianae

1089 1229 1211 1262 fervore
1228 1229 1354 1270 intenti,
1373 1228 1550 1261 laudabiles
1570 1228 1702 1262 effectus
1717 1228 1837 1272 produ-

1089 1294 1161 1315 cerc
1181 1293 1246 1316 non
1263 1288 1399 1322 cessant,
1422 1287 1453 1315 et
1468 1281 1629 1325 adquam
1647 1282 1783 1315 dilectus
1800 1282 1838 1315 fi-

1089 1336 1152 1370 lius
1175 1341 1284 1370 noster
1307 1336 1487 1369 Alexander
1510 1335 1594 1368 tituli
1625 1335 1760 1369 Sanctae
1775 1336 1838 1369 Ma-

1090 1392 1156 1425 riae
1189 1391 1222 1423 in
1248 1390 1305 1424 Via
1330 1391 1497 1434 presbyter
1522 1390 1694 1423 cardinalis
1719 1390 1838 1423 Sfortia

1089 1449 1308 1487 nuncupatus,
1320 1443 1566 1487 viceprotector‚
1584 1448 1615 1475 et
1629 1443 1770 1486 Angelus
1781 1442 1838 1476 Ca-

1090 1497 1233 1541 pranica,
1251 1507 1287 1530 ac
1318 1496 1507 1530 Hortensius
1526 1496 1746 1539 Frangipanis,
1763 1506 1840 1530 nec-

1090 1561 1155 1583 non
1174 1550 1309 1583 Ioannes
1327 1549 1515 1583 Dominicus
1531 1549 1709 1593 GuelphuS‚
1727 1554 1759 1582 et
1778 1549 1839 1582 Va-

1090 1603 1190 1636 lerius
1209 1603 1247 1636 de
1264 1603 1364 1643 Valle,
1382 1602 1505 1646 patritii
1529 1602 1664 1635 Romani
1688 1602 1838 1635 moderni

1091 1657 1238 1691 custodes
1263 1656 1407 1690 eiusdem
1427 1656 1607 1696 Societatis,
1630 1655 1738 1690 dilecti
1761 1655 1834 1697 filii,

1090 1711 1286 1753 singularem
1312 1716 1438 1753 ,gerunt
1460 1708 1636 1743 devotionis
1669 1709 1834 1750 affectum,

1091 1763 1254 1807 prosperis
1273 1762 1481 1796 incrementis
1498 1762 1616 1805 iugiter
1630 1762 1789 1806 proficiat,
1805 1768 1839 1796 et

1093 1818 1125 1850 in
1145 1817 1252 1850 dehita
1270 1816 1475 1850 veneratione
1505 1816 1676 1856 habeatur;
1702 1827 1740 1849 ac
1773 1826 1839 1850 non

1091 1871 1195 1903 solum
1215 1870 1314 1911 illius,
1348 1870 1404 1903 sed
1428 1869 1525 1903 etiam
1556 1880 1839 1913 quarumcumque

1092 1924 1228 1956 aliarum
1246 1929 1277 1956 et
1292 1934 1379 1956 nunc
1395 1928 1639 1966 aggregatarum
1647 1927 1678 1955 et
1686 1922 1840 1966 deinceps

1092 1977 1367 2020 aggregandarum
1383 1975 1571 2009 societatum
1589 1975 1766 2008 confratres
1780 1986 1840 2020 pro

1092 2035 1236 2073 tempore
1253 2029 1431 2069 existentes,
1451 2039 1488 2061 eo
1505 2028 1677 2061 ferventius
1692 2034 1723 2061 et
1738 2027 1841 2061 liben-

1092 2082 1155 2115 tius
1175 2083 1311 2115 formam
1324 2081 1436 2115 orandi
1452 2080 1638 2114 huiusmodi
1655 2091 1730 2114 cum
1746 2081 1842 2114 devo-

1093 2135 1187 2168 tionis
1204 2135 1402 2168 incremento
1419 2134 1598 2175 observent,
1612 2138 1643 2167 et
1658 2133 1840 2167 recitationi

1093 2198 1231 2221 coronae
1256 2187 1418 2231 praefatae
1440 2187 1620 2226 intendant,
1638 2197 1705 2230 quo
1725 2187 1841 2220 exinde

1095 2240 1270 2273 maioribus
1289 2239 1382 2273 donis
1401 2239 1623 2284 spiritualibus
1642 2250 1676 2273 se
1702 2240 1840 2274 refectos

1094 2294 1160 2326 sore
1195 2293 1431 2336 conspexerint,
1454 2293 1493 2326 de
1528 2293 1760 2337 omnipotentis
1782 2293 1839 2326 Dei

1094 2346 1325 2387 misericordia,
1345 2357 1382 2379 ac
1394 2346 1561 2380 beatorum
1582 2346 1666 2379 Petri
1686 2352 1717 2380 et
1749 2346 1839 2379 Pauli

1093 2400 1312 2442 apostolorum
1338 2399 1408 2432 eius
1424 2399 1616 2433 auctoritate
1633 2399 1765 2433 confisi:
2026 2427 2027 2431 ,

1136 2447 1151 2490 ξ
1168 2447 1199 2480 5.
1219 2447 1375 2481 Omnibus
1396 2453 1427 2480 et
1452 2448 1587 2491 singulis
1603 2447 1771 2490 utriusque
1786 2458 1836 2481 se·-
1849 2461 2011 2492 indulgentias·
2023 2477 2033 2492 Δ.

1093 2506 1151 2527 xus
1168 2495 1428 2529 christifidelibus
1437 2496 1469 2528 in
1480 2497 1667 2537 confratres,
1679 2501 1744 2529 tam
1757 2496 1838 2530 Con·
1850 2497 1974 2548 ⁰32‡⁰³¹‘”⁵

1094 2545 1207 2577 salonis
1224 2556 1319 2588 qnam
1337 2546 1473 2579 aliarum
1493 2546 1522 2579 ei
1542 2551 1786 2589 aggregatarum
1807 2532 1862 2579 et⁵
1907 2542 1913 2548 '

1095 2595 1368 2637 aggregandarum
1379 2595 1566 2628 societatum
1578 2594 1762 2628 huiusmodi
1777 2605 1836 2639 pro
