2059 3228
69 237 184 292 01580

69 1505 76 1517 ι
101 1483 179 1534 {2122}
190 1495 298 1524 torum
342 1492 587 1525 consonantiam
624 1492 848 1535 redigeretur,

50 1536 53 1537 ⁷
75 1544 84 1565 1
95 1546 117 1566 οι
130 1544 178 1566 huie

78 1575 80 1577 ’
117 1575 179 1598 exhi-

57 2638 191 2696 ”ffissssssfi
201 2647 270 2681 lum
289 2647 471 2683 Romanum
487 2649 692 2694 praedictum
721 2652 891 2685 commoda
911 2663 948 2686 ex

196 321 262 346 non
287 311 331 346 ita
355 313 556 352 conveniant,
584 323 622 345 ne
658 312 734 356 qnid
764 312 803 346 ab
837 313 882 345 eis
910 312 941 343 in

189 375 347 410 ⁴concessa
366 365 425 399 sibi
450 367 602 399 facultate
622 365 796 399 desiderari
814 365 941 398 contin-

193 422 257 462 gat,
284 419 422 464 privatas
442 420 528 462 leges
548 420 611 453 sive
631 424 745 453 statuta
763 418 941 462 praesenti-

192 471 254 506 hus
277 473 476 517 temporibus
500 474 538 506 'ac
561 473 704 516 negociis
729 472 941 515 congruentia

193 525 255 563 sibi
274 527 426 568 condere,
448 527 567 560 nostris
587 527 777 560 auctoritate
798 531 828 560 et
847 537 940 570 prae-

193 578 282 614 sidiis
301 580 385 621 freti,
408 581 630 614 instituerunt.

236 632 302 678 51.
333 634 368 667 Id
387 645 474 675 vero,
501 635 579 668 dum
603 633 686 668 serio
716 639 827 677 agunt,
855 634 941 666 novi-

68 675 180 730 nun-no-
192 690 306 730 terque
333 687 366 720 in
395 687 476 721 iuris
513 687 698 721 huiusmodi
736 688 941 731 compositio-

36 725 287 786 ffiaizn'fffnem,
322 741 416 774 nobis
449 741 685 781 annuentibus,
723 741 937 781 incumbunt,

73 785 179 840 ¹¹:355:

191 797 309 828 statuta
328 794 434 834 Urbis,
455 805 540 839 quae
559 794 620 828 sibi
639 806 657 827 a
676 795 853 828 maioribus
874 795 940 827 suis

189 847 304 881 reIIcta
333 847 508 890 habebant,
535 848 609 881 satis
637 849 789 892 perplexa
814 854 845 881 et
865 859 940 881 con-

189 901 260 946 fusa
289 901 500 944 invenerunt,
536 902 571 935 in
595 913 733 946 quorum
764 902 871 942 libris,
899 903 939 936 ob

189 959 376 999 temporum
389 960 592 996 vetustatem,
615 955 860 998 magistratuum
879 957 940 989 for-

190 1012 272 1042 tasse
308 1009 552 1053 negligentiam,
591 1009 851 1053 multiplicesque
884 1021 938 1043 su—

188 1061 356 1106 periorum
385 1067 527 1096 aetatum
551 1062 653 1096 editas
678 1062 936 1105 reformationes,

188 1125 285 1159 saepe
312 1126 394 1159 quae
421 1115 527 1149 adhuc
559 1116 708 1159 vigebant
735 1116 938 1150 constitutio·

187 1178 246 1202 nes
264 1179 330 1202 una
349 1180 424 1203 cum
444 1170 606 1213 abrogatis
617 1175 648 1203 et
663 1169 826 1210 obsoletis,
844 1170 939 1203 aliae-

188 1220 254 1266 que
272 1222 344 1256 aliis
377 1223 558 1257 contrariae
581 1223 766 1267 promiscue
791 1224 938 1257 contine-

188 1272 320 1310 Bantur.

234 1329 304 1373 §⁴2-
331 1329 504 1374 Cupientes
535 1330 644 1374 itaque
676 1330 773 1364 iidem
799 1332 939 1375 populus

41 1369 225 1451 guz-emm
253 1382 304 1416 ius
332 1384 504 1428 proprium
533 1384 566 1417 in
594 1390 715 1418 certam
746 1384 883 1418 formam
909 1391 939 1418 et

190 1436 282 1480 quasi
307 1447 373 1471 non
397 1437 656 1471 dissentientium
677 1439 761 1471 inter
784 1449 817 1471 se
838 1444 938 1472 statu-

899 1494 938 1526 ad

189 1544 475 1589 praesentiumque
501 1550 683 1591 temporum
706 1557 811 1579 mores
831 1552 861 1579 et
881 1558 938 1579 110-

189 1597 281 1641 gocia
299 1598 612 1639 accommodaretur,
634 1599 831 1643 provinciam
856 1601 939 1633 hanc

191 1649 308 1684 dilecto
326 1651 394 1684 filio
414 1651 519 1685 Lucae
538 1652 646 1690 Paeto,
669 1653 839 1696 utriusque
861 1653 940 1686 iuris

191 1703 327 1746 doctori,
340 1705 570 1748 nonnullisque
594 1706 665 1739 aliis
686 1706 807 1740 civibus
827 1707 940 1740 Roma-

191 1757 242 1790 nis
266 1758 527 1792 demandandam
549 1766 717 1799 curarunt;
740 1771 853 1793 eorum
867 1771 940 1794 vero

191 1810 354 1854 aliquibus
383 1812 446 1846 vita
474 1813 605 1853 functis,
640 1813 710 1846 aliis
740 1814 940 1847 diversorum

192 1864 404 1908 negociorum
424 1867 639 1910 occupatione
664 1867 828 1908 districtis,
856 1868 942 1901 idem

193 1918 306 1960 Lucas,
336 1924 454 1953 statuta
481 1920 647 1963 praedicta
667 1920 699 1953 in
724 1921 870 1965 quinque
902 1922 942 1954 li-

194 1970 269 2004 bros
288 1971 378 2015 prius
397 1973 578 2015 distributa,
607 1975 853 2017 supervacaneis
873 1986 943 2008 am-

195 2025 324 2069 putatis,
357 2036 485 2060 necnon
504 2027 640 2061 invicem
665 2028 883 2071 pugnantibus
915 2035 945 2062 et

195 2077 234 2112 iis
263 2089 346 2123 quae
376 2080 424 2113 vel
453 2080 665 2114 desuetudine
695 2081 862 2125 antiquata
896 2083 943 2115 vel

197 2132 356 2165 contraria
384 2133 456 2177 lege
488 2134 641 2177 abrogata
670 2140 762 2168 erant
790 2135 943 2175 sublatis,

196 2184 377 2229 additisque
396 2187 563 2220 nonnullis
583 2188 879 2229 reformationibus,
907 2190 945 2222 ad

197 2238 389 2272 dilectorum
421 2240 565 2273 filiorum
598 2248 859 2275 conservatorum
887 2254 944 2286 po-

197 2291 331 2335 pulique
361 2292 497 2326 Romani
531 2294 716 2327 officialium
742 2296 885 2338 regimen
917 2302 947 2329 et

198 2344 411 2379 directionem
444 2348 679 2391 spectantibus,
718 2360 800 2392 quae
834 2349 944 2388 nobis,

198 2399 312 2444 populi
341 2399 487 2433 eiusdem
511 2401 654 2442 nomine,
686 2403 882 2443 obtulerant,
915 2404 946 2436 in

199 2457 265 2486 tres
283 2453 394 2486 breves
414 2453 588 2487 admodum
610 2454 710 2488 libros
730 2461 818 2488 ccrto
838 2456 948 2489 distin-

201 2505 318 2545 ctoque
351 2502 464 2535 ordine
494 2502 639 2545 redegit,
666 2505 824 2548 nobisque
851 2515 947 2548 supe-

200 2549 343 2583 rioribus
364 2550 456 2583 annis
483 2550 639 2584 exhihuit.

245 2599 260 2642 ἕ
278 2599 310 2632 3.
336 2597 408 2640 Qui,
431 2599 649 2643 intelligentes
669 2601 771 2634 multa
791 2601 824 2634 in
845 2613 948 2646 popu-

805 256 981 284 altecomus
999 255 1055 282 xm
1077 252 1125 282 FP.

1624 240 1686 280 331
1747 258 1802 288 An.
1816 252 1847 285 c.
1863 253 1932 286 1580

982 320 1061 342 nova
1083 309 1268 343 huiusmodi
1285 313 1478 343 statutomm
1501 307 1732 353 compilatione
1746 321 1874 345 camimum
1908 317 1935 341 sa

981 374 1049 395 esse
1069 364 1265 406 profectura,
1288 365 1404 397 dilecto
1426 364 1491 397 tilio
1516 369 1626 397 nostro
1650 363 1731 396 Iulio
1746 354 1933 408 ξξζξᾞξζοωῗξ

981 417 1118 450 Antonio
1145 417 1228 449 tituli
1246 417 1352 450 Sancti
1378 417 1615 452 Bartholomaei
1635 417 1668 450 in
1678 417 1731 450 In·
1745 415 1932 472 Ὼέῐῑζιζωέἒᾱζὲῗ

981 471 1050 504 sula
1080 471 1264 516 presbytero
1301 472 1456 505 canliuali
1495 472 1526 505 S.
1562 472 1732 506 Severinae
1746 474 1932 529 meorumnam:

981 530 1181 568 nuncupato,
1219 526 1440 559 mandavimus
1464 531 1517 566 ut,
1549 526 1731 559 convocatis
1746 515 1932 565 ἷζὲῗιοῖἶῖἳιῖ-

981 578 1104 611 dilectis
1142 578 1217 612 filiis
1257 579 1535 613 conservatoribus
1577 579 1732 615 Gamerae
1746 575 1832 597 mmm·

980 632 1074 664 Urbis
1098 637 1127 664 et
1163 632 1327 676 prioribus
1360 634 1501 676 capitum
1539 634 1729 677 regionum,

980 686 1035 729 qui
1061 698 1118 730 pro
1144 692 1289 731 tempore
1322 686 1468 728 fuissent,
1491 698 1619 721 necnon
1651 689 1734 721 Hor-

979 740 1082 773 tensio
1119 740 1333 784 Frangipanio
1376 740 1471 774 Urbis
1513 743 1730 784 cancellario,

979 794 1117 827 Antonio
1142 795 1253 835 Veltio,
1274 795 1422 828 Fabricio
1447 796 1582 837 Lazaro,
1621 802 1651 831 et
1674 797 1731 841 qui

980 848 1123 881 eiusdem
1149 849 1262 892 populi
1296 849 1432 882 Romani
1466 851 1637 884 advocatus
1668 857 1728 893 est,

980 901 1110 934 Horatio
1130 901 1320 944 Burghesim
1345 909 1375 936 et
1394 903 1561 937 Vincentio
1581 906 1730 940 Parentio

979 955 1072 987 aulae
1104 960 1230 989 nostrae
1267 957 1467 997 consistorii,
1498 969 1624 991 necnon
1657 960 1732 993 Ber-

979 1009 1116 1041 nardino
1144 1010 1265 1050 Biscia,
1297 1016 1328 1043 et
1347 1011 1479 1044 Horatio
1507 1012 1545 1045 de
1565 1013 1731 1056 Arrigoni-

978 1062 1037 1095 bus
1058 1062 1090 1095 in
1110 1063 1254 1096 Romana
1266 1064 1362 1097 Curia
1372 1065 1543 1107 advocatis,
1566 1067 1730 1111 Stephano

979 1116 1181 1158 Crescentio,
1215 1118 1400 1151 Marcellino
1431 1120 1601 1160 Alberino,
1636 1122 1730 1156 Petro

978 1169 1077 1203 Paulo
1098 1170 1208 1212 Fabio,
1235 1172 1430 1216 Hieronymo
1454 1174 1587 1216 Alterio,
1620 1177 1730 1221 Augu-

979 1223 1062 1256 stino
1083 1225 1228 1266 Paionio,
1250 1226 1374 1259 Valerio
1392 1227 1430 1260 de
1452 1228 1550 1269 Valle,
1573 1229 1730 1274 Prospero

978 1277 1158 1319 Cassarello,
1178 1284 1209 1312 et
1226 1278 1383 1313 Riccardo
1404 1281 1729 1323 Mazzatostaffloma-

979 1331 1027 1364 nis
1047 1331 1182 1373 civibus,
1210 1344 1229 1366 a
1255 1333 1340 1367 dicto
1372 1336 1491 1379 populo
1513 1336 1546 1369 in
1566 1337 1631 1370 suis
1655 1349 1731 1371 con-

978 1385 1058 1418 siliis
1076 1386 1115 1418 ad
1135 1386 1219 1420 hanc
1238 1398 1319 1429 rem,
1342 1388 1474 1422 diversis
1494 1396 1522 1422 et
1545 1392 1731 1426 successivis

978 1439 1197 1483 temporibus,
1230 1451 1294 1473 una
1319 1453 1393 1474 cum
1430 1444 1596 1486 praedicto
1630 1445 1728 1486 Luca,

979 1493 1123 1534 (10100113,
1143 1496 1344 1537 congregatis
1365 1507 1494 1540 quoquc
1510 1498 1635 1531 dilectis
1656 1499 1731 1532 liliis

979 1548 1096 1579 nostris
1116 1548 1297 1581 Alexandro
1319 1550 1402 1583 tituli
1424 1551 1455 1584 S.
1472 1551 1587 1585 Mariae
1603 1552 1634 1585 in
1655 1554 1732 1586 Ara-

980 1601 1060 1633 coeli
1083 1601 1269 1645 presbytero
1291 1604 1445 1636 cardinali
1475 1605 1582 1638 Riario
1603 1617 1730 1640 nuncu-

980 1660 1065 1698 pato,
1086 1661 1164 1688 tunc
1188 1655 1342 1690 Gamerae
1366 1658 1568 1701 Apostolicae
1588 1661 1731 1703 generali

980 1707 1148 1749 auditore,
1191 1709 1308 1743 deinde
1346 1712 1498 1754 magistro
1536 1713 1730 1757 Hieronymo

981 1762 1163 1803 Mattliaeio,
1195 1763 1228 1795 in
1257 1763 1399 1797 eiusdem
1422 1766 1591 1799 Alexandri
1626 1769 1730 1801 raidi-

982 1816 1062 1848 ualis
1082 1817 1191 1850 locum
1210 1818 1250 1850 ad
1271 1829 1389 1852 munus
1410 1820 1564 1853 auditoris
1583 1822 1728 1862 suffecto,

982 1880 1108 1903 necnon
1128 1872 1305 1904 venerabili
1330 1872 1426 1905 fratre
1451 1873 1644 1917 Hieronymo
1665 1875 1731 1917 epi-

983 1933 1081 1966 scopo
1108 1924 1327 1965 Maceratensi,
1354 1926 1461 1958 locum
1486 1926 1581 1959 unius
1601 1937 1637 1960 ex
1660 1928 1729 1960 offi-

984 1976 1040 2009 ciis
1075 1978 1245 2011 clericatus
1276 1979 1427 2012 Gamerae
1464 1980 1665 2023 Apostolicae
1697 1993 1733 2015 ex

984 2030 1110 2063 indulto
1134 2033 1310 2076 apostolico
1332 2034 1508 2073 obtinente,
1545 2045 1581 2067 ac
1610 2035 1733 2068 dilectis

985 2084 1060 2116 item
1077 2084 1151 2117 filiis
1174 2087 1333 2129 magistris
1357 2087 1535 2120 Alexandro
1559 2088 1733 2122 Frumento

985 2142 1016 2170 et
1054 2138 1174 2181 Pyrrho
1210 2141 1331 2179 Tharo,
1369 2141 1500 2173 notariis
1538 2142 1665 2183 nostris,
1701 2143 1733 2175 in.

985 2196 1123 2235 utraque
1157 2194 1327 2236 Signatum
1361 2200 1470 2227 nostra
1499 2195 1732 2238 referendariis,

986 2256 1022 2278 ac
1043 2246 1137 2278 etiam
1159 2248 1255 2280 Mario
1277 2248 1449 2289 Gabrielio,
1478 2249 1621 2283 eiusdem
1642 2253 1734 2284 :tutae

986 2305 1115 2333 nostrae
1144 2301 1323 2333 consistorii
1349 2302 1512 2343 advocato,
1539 2314 1556 2336 a
1575 2304 1668 2337 nobis
1695 2305 1735 2338 ad

986 2353 1048 2385 hoc
1078 2354 1260 2397 specialiter
1279 2355 1454 2397 deputatis,
1487 2361 1602 2390 statuta
1620 2357 1735 2391 huius-

988 2407 1086 2446 modi,
1110 2418 1167 2450 per
1186 2408 1307 2440 dictum
1329 2409 1447 2441 Lucam
1474 2411 1658 2454 compilata,
1690 2413 1737 2446 di-

987 2456 1122 2498 ligenter
1147 2463 1334 2490 excuterent
1371 2465 1464 2500 atque
1502 2461 1734 2503 examinarent,

988 2510 1015 2537 et
1037 2516 1120 2548 quae
1140 2506 1185 2538 013
1205 2506 1402 2547 viderentur,
1435 2509 1634 2552 supplerent,
1663 2522 1736 2545 cor-

988 2554 1142 2596 rigerent,
1180 2556 1326 2589 delerent
1356 2563 1386 2590 et
1415 2559 1635 2593 emendarent.
1677 2561 1735 2600 Qui

988 2603 1246 2646 frequentissime
1266 2616 1325 2648 per
1344 2606 1453 2649 plures
1465 2618 1567 2641 annos
1585 2609 1616 2642 in
1634 2621 1736 2643 unum

989 2653 1185 2696 congregati,
1213 2654 1398 2699 eisdemque
1418 2659 1542 2691 statutis
1565 2658 1736 2701 diligenter
