2059 3228
112 231 166 260 An.
182 232 212 261 C.
231 232 296 261 1587

119 1668 186 1690 Canis]
214 1668 275 1690 ituius

85 1699 160 1725 ΔῙιιειιι.

354 222 417 256 990

900 227 1079 253 BULLARIUM
1102 227 1252 253 ROMANUM

308 287 505 323 pontificale,
523 283 660 323 Rituale,
681 281 934 322 Caeremoniale,
962 286 1059 326 prout
1099 292 1167 315 ram
1188 281 1384 323 servitutem,
1402 283 1489 327 quod
1505 284 1582 318 alias
1594 296 1749 332 persaepe
1760 287 1844 320 aeci-

307 351 387 384 opus
408 339 515 379 fuerit,
538 339 714 372 reforment
733 342 766 370 et
794 336 965 369 emendent
982 348 989 377 ;
1008 336 1055 368 os·
1099 335 1155 375 dit,
1179 336 1395 369 abducantur:

306 393 378 426 sicia
398 392 503 425 divina
515 392 554 424 de
565 390 683 424 sanctis
703 388 847 433 patronis
863 389 1054 428 examinent,

1141 389 1156 432 ς
1179 389 1210 421 1.
1233 388 1278 421 Ob
1299 399 1351 421 eas
1371 399 1482 423 causas
1502 390 1681 425 cardinales
1700 393 1843 437 quinque

304 451 335 478 et
357 445 447 478 nobis
478 444 568 488 prius
598 442 763 482 consultis,
791 442 979 476 concedant.
1001 441 1054 474 Di·
1097 441 1303 484 praeficimus
1322 441 1507 476 triremibus
1519 444 1773 478 numerodecem
1785 457 1843 490 pa-

303 499 454 541 ligentem
476 508 607 541 quoque
633 507 744 530 curam
768 495 940 530 adhibeant
969 496 1054 528 cirea

302 557 488 584 sanctorum
524 550 799 583 canonizationem
833 550 1052 593 festorumque

301 604 428 637 dierum
460 604 690 643 celebritatem,
728 608 762 636 ut
789 603 897 636 omnia
930 603 988 636 rite
1022 608 1053 635 et

300 663 386 691 reete
412 664 441 690 et
467 668 504 691 ex
535 663 661 701 patrum
695 656 866 690 traditione
895 656 988 694 siant,
1022 661 1051 689 et

299 716 334 744 ut
354 721 445 753 reges
466 717 493 744 et
516 710 678 755 principes
698 721 876 753 eorumque
895 715 1048 749 oratore&

298 763 444 807 aliaeque
473 774 642 808 personae,
674 763 769 797 etiam
800 763 1046 803 ecclesiastieae,

297 817 336 850 ad
355 817 473 850 Urbem
494 817 689 861 Cariamque
709 817 886 850 Romanam
915 817 1047 850 venien-

296 876 356 911 tes,
374 881 433 914 pro
451 870 542 905 Sedis
557 870 760 914 Apostolicae
771 870 922 914 dignitate
940 881 974 903 ac
992 871 1048 903 be-

295 924 451 967 nignitate
484 924 664 958 honorifice
690 935 779 957 more
807 925 966 957 maiorum
992 934 1045 956 ex-

295 977 470 1021 cipiantur,
492 978 718 1021 cogitationem
749 977 925 1021 suscipiant
955 978 1046 1010 sedu-

294 1031 391 1074 loque
410 1031 612 1074 provideant.
634 1031 872 1064 Controversias
895 1031 933 1063 de
956 1041 1046 1074 prae-

295 1084 441 1117 cedentia
461 1084 493 1117 in
519 1084 790 1128 processionibus,
810 1089 865 1117 aut
881 1084 969 1122 alibi,
991 1095 1043 1117 ce-

294 1143 443 1182 terasque
476 1138 507 1171 in
539 1138 726 1171 huiusmodi
751 1137 849 1171 sacris
874 1137 988 1170 ritibus
1013 1143 1044 1171 et

1096 494 1216 535 randis,
1245 495 1464 536 aedificandis,
1500 496 1655 530 ornandis
1692 498 1844 542 omnique

1095 548 1276 581 necessario
1301 548 1431 582 nautico
1466 554 1497 582 et
1534 549 1662 582 militari
1688 557 1843 595 apparatu

1094 601 1301 642 instruendis,
1324 612 1467 645 curaque
1496 602 1741 645 diligentissima
1766 614 1843 637 con-

1093 654 1267 695 servandis,
1289 665 1426 698 quarum
1447 664 1508 699 ope
1533 655 1750 699 etpraesidio,
1777 656 1842 693 Deo

1092 707 1250 748 adiutore⁷
1274 708 1395 751 piratae
1416 714 1446 741 et
1474 710 1652 752 praedones
1673 720 1842 743 coercean-

1091 764 1144 792 tur
1163 765 1194 793 et
1218 771 1235 793 a
1255 760 1372 794 nostris
1391 761 1554 794 littoribus
1573 762 1667 805 longe
1683 763 1841 806 repellan-

1091 819 1155 853 tur;
1178 813 1310 857 quique,
1339 820 1370 847 et
1386 815 1689 848 earumtriremium
1706 816 1841 850 idoneos

1089 866 1199 905 duces,
1223 878 1259 900 ae
1280 868 1470 911 praefectos,
1494 868 1587 901 nobis
1601 875 1709 902 tamen
1729 875 1760 902 et
1779 880 1839 913 pro

1088 924 1233 963 tempore
1255 920 1407 954 Romanis
1435 921 1646 954 Pontificibus
1666 922 1836 962 consultis,

1088 972 1241 1015 deligant,
1265 978 1296 1006 et
1330 979 1436 1007 cetera
1465 974 1575 1007 omnia
1602 975 1641 1008 ad
1670 985 1719 1015 ea,
1755 986 1838 1018 quae

1087 1025 1236 1065 diximus,
1259 1027 1406 1060 celeriter
1433 1029 1620 1072 utiliterque
1653 1029 1834 1068 efficienda,

1086 1089 1145 1122 pro
1176 1079 1321 1123 ipsorum
1343 1081 1514 1124 prudentia
1534 1087 1564 1115 et
1583 1082 1763 1121 sedulitate,
1789 1081 1836 1113 di-

1086 1138 1221 1175 sponant
1243 1139 1339 1177 atque
1364 1135 1544 1178 expediant.
1567 1134 1687 1167 Deinde
1701 1145 1833 1178 operam

294 1191 508 1224 caeremoniis
523 1191 701 1224 incidentes
712 1191 914 1224 difficultates
926 1201 1044 1233 cogno·
1062 1188 1068 1239 Ι
1084 1185 1254 1219 adhibeant
1268 1192 1303 1220 ut
1312 1187 1492 1220 subsidium
1501 1187 1724 1230 pecuniarium
1734 1188 1834 1230 quod-

292 1250 394 1285 scant,
427 1245 602 1278 summarie
642 1245 814 1278 terminent
852 1249 883 1277 et
914 1255 1043 1288 compo-

291 1303 383 1330 nant.

292 1399 505 1444 Conqreyatio
538 1405 628 1434 sexta
662 1411 722 1443 pro
758 1401 854 1433 classe
888 1400 1041 1443 paranda

333 1458 362 1486 et
395 1454 555 1486 servantia
591 1454 634 1486 ati
670 1453 781 1487 Status
823 1453 1042 1486 Ecclesiastici

333 1507 553 1549 defensionem
572 1507 598 1538 1.

333 1604 502 1637 Praeterea
519 1610 727 1648 posteaquam
753 1604 807 1637 Dei
826 1604 1037 1648 benignitate,

289 1664 349 1687 nec
369 1653 436 1687 sine
457 1664 573 1696 magno
587 1659 697 1686 nostro
716 1654 827 1686 labore
847 1660 877 1686 et
893 1659 1037 1697 sumptu,

288 1707 491 1753 perditorum
511 1707 682 1740 hominum
698 1707 829 1740 licentia
841 1718 1037 1750 compressa,

287 1760 419 1805 publica
431 1760 646 1802 tranquillitas
656 1760 689 1793 in
702 1760 780 1793 locis
796 1759 1039 1793 mediterraneis

288 1814 438 1848 restituta
458 1818 515 1853 est,
542 1819 578 1846 ut
612 1812 674 1845 iam
708 1812 886 1856 unicuique
919 1813 1039 1856 absque

286 1867 404 1900 timore
425 1867 492 1900 ullo
513 1867 572 1899 sub
596 1866 658 1899 vite
678 1877 734 1899 sua
755 1871 785 1899 et
812 1867 871 1899 sub
892 1866 955 1898 sicu
982 1877 1038 1899 sua

287 1919 455 1963 quiescere
474 1919 581 1959 liceat,
596 1919 763 1963 cupientes
780 1924 814 1951 ut
831 1919 939 1951 littora
960 1929 1039 1961 quo-

287 1984 351 2016 que
385 1978 416 2005 et
454 1983 528 2006 orae
556 1972 736 2005 maritimae
757 1972 886 2005 ditionis
910 1978 1038 2004 nostrae

287 2027 397 2070 superi
418 2027 577 2070 inferique
593 2026 702 2065 maris,
722 2037 739 2059 a
760 2026 871 2069 piratis
887 2036 924 2059 ac
944 2036 1038 2069 prae-

287 2080 436 2121 donibus,
456 2086 613 2124 quantum
634 2080 704 2113 fieri
720 2085 836 2123 potest,
859 2085 945 2112 tutae
966 2079 1036 2119 sint,

287 2134 407 2166 nedum
438 2134 474 2166 ad
505 2139 689 2166 nostrorum
708 2133 927 2165 subiectorum
948 2143 1038 2165 secu-

287 2186 426 2227 ritatem,
447 2197 557 2220 rerum
583 2193 618 2220 ut
642 2192 767 2219 exterae
787 2196 916 2229 quoque
936 2186 1038 2218 natio-

287 2249 344 2272 nes
368 2240 407 2272 ad
428 2240 510 2272 hanc
530 2240 604 2273 tidei
619 2245 741 2283 petram
762 2248 1036 2282 communemque

288 2292 433 2325 fidelium
454 2299 590 2327 matrem
611 2304 735 2334 secure,
759 2303 818 2337 pro
839 2303 875 2325 eo
896 2292 983 2335 quod
1004 2292 1037 2324 in

289 2346 380 2379 nobis
392 2352 450 2388 est,
461 2347 626 2387 accedant,
636 2357 740 2390 neque
751 2357 769 2379 a
779 2346 890 2390 piratis.
901 2346 933 2378 in
944 2346 1037 2378 mise—

308 2443 317 2468 1
333 2440 495 2468 Subsidium
506 2447 632 2468 annuum
650 2444 798 2468 scutorum
809 2440 963 2467 ducentum
974 2439 1036 2467 mil—

288 2485 357 2511 lium
373 2489 401 2511 et
419 2485 639 2519 quingentorum
654 2484 763 2518 paravit
777 2488 805 2512 et
816 2484 891 2512 dedit
911 2484 955 2511 hie
969 2491 1036 2518 pon·

289 2528 355 2555 tifex
376 2535 425 2562 pro
444 2529 656 2557 nianutenfione
681 2534 793 2560 paratae
814 2529 912 2556 classis
936 2528 1035 2556 decem

289 2572 457 2605 triremium,
482 2573 531 2599 sed
555 2573 617 2600 eius
641 2573 747 2600 bullam
772 2572 915 2607 tamquam
940 2573 1035 2601 minus

290 2616 477 2645 necessariam
500 2617 566 2644 duxi
588 2617 874 2652 praetermittendam,

1085 1250 1224 1282 cumque
1242 1240 1280 1272 ab
1302 1239 1351 1279 iis,
1374 1240 1429 1284 qui
1450 1246 1560 1274 nostro
1581 1241 1731 1274 mandato
1756 1241 1832 1274 huie

1084 1297 1148 1325 tam
1159 1293 1340 1325 necessario
1354 1293 1443 1336 operi
1455 1294 1661 1326 contribuere
1673 1299 1832 1333 tenentur,

1083 1345 1232 1386 fideliter,
1278 1346 1401 1389 integre
1439 1351 1628 1390 matureque
1667 1347 1829 1389 exigatur;

1083 1405 1228 1432 exactum
1245 1410 1320 1433 vero
1340 1411 1376 1433 ac
1398 1405 1562 1444 receptum
1583 1401 1623 1433 ad
1647 1400 1832 1444 supradicta

1082 1453 1307 1486 tantummodo
1327 1464 1426 1497 opera
1445 1454 1641 1497 perficienda
1661 1464 1698 1486 ex
1714 1454 1829 1487 volun-

1082 1506 1155 1538 tatis
1167 1511 1295 1539 nostrae
1312 1506 1510 1551 praescripto
1524 1507 1689 1543 fructuose
1703 1507 1829 1551 impen-

1082 1558 1186 1591 datur.
1210 1559 1291 1592 lllud
1312 1564 1417 1593 autem
1443 1560 1622 1592 cardinales
1647 1559 1733 1604 ipsos
1756 1570 1828 1592 ma-

1081 1622 1222 1656 gnopere
1255 1613 1477 1653 admonemus
1507 1619 1621 1646 curent
1658 1613 1829 1656 diligenter

1082 1671 1117 1699 ut
1136 1665 1169 1698 in
1192 1666 1242 1699 his
1276 1667 1462 1699 triremibus
1495 1667 1678 1710 apostolicis
1712 1672 1828 1699 nautae

1081 1729 1193 1752 omnes
1213 1725 1241 1753 et
1264 1720 1392 1761 milites,
1415 1730 1479 1752 non
1505 1720 1609 1753 solum
1635 1730 1671 1751 ex
1700 1719 1829 1752 nautica

1081 1772 1289 1816 militarique,
1311 1773 1365 1807 sed
1386 1774 1487 1806 multo
1507 1773 1607 1816 magis
1627 1783 1664 1805 ex
1685 1772 1829 1805 christia·

1080 1836 1121 1858 na
1157 1826 1339 1870 disciplina,
1375 1827 1425 1871 pie
1463 1833 1494 1860 et
1531 1827 1674 1860 modeste
1708 1826 1833 1875 νίνῑιῐιί.7

1080 1879 1183 1918 Quare
1203 1880 1288 1913 viros
1308 1881 1486 1924 religiosos,
1508 1881 1689 1913 animarum
1711 1889 1827 1922 corpo-

1081 1944 1218 1977 rumque
1239 1939 1404 1967 curatores
1423 1933 1576 1977 deligant,
1603 1933 1658 1976 qui
1687 1931 1835 1965 valentes

1079 1987 1119 2020 ad
1145 1987 1296 2031 pietatem
1323 1987 1494 2028 instruant,
1526 1993 1673 2030 aegrotos
1706 1986 1826 2019 multae

1080 2041 1220 2074 caritatis
1239 2042 1353 2074 affectu
1382 2041 1496 2084 quovis
1523 2040 1704 2073 necessario
1733 2039 1825 2072 adiu-

1079 2091 1178 2123 menti
1211 2101 1340 2133 gonere,
1368 2089 1526 2133 spirituali
1556 2089 1589 2122 in
1619 2089 1742 2132 primis,
1774 2098 1825 2120 re-

1079 2144 1189 2171 creent
1208 2144 1304 2182 atque
1322 2138 1477 2171 reticiant.
1493 2137 1635 2180 Denique
1654 2137 1741 2169 omni
1754 2137 1825 2168 loco

1078 2198 1095 2220 a
1116 2188 1297 2231 praefectis,
1320 2187 1486 2224 militibus,
1513 2187 1619 2219 nautis
1638 2196 1674 2218 ea
1698 2185 1750 2229 pie
1777 2185 1824 2217 vi-

1078 2237 1171 2269 vendi
1196 2237 1278 2270 ratio
1312 2243 1343 2269 et
1371 2236 1529 2269 institutio
1561 2235 1760 2273 observetur,
1788 2239 1824 2267 ut

1077 2296 1150 2319 vere
1174 2286 1247 2319 illos
1271 2285 1462 2319 christianos
1481 2295 1517 2318 ac
1546 2284 1728 2328 pontificios
1754 2293 1824 2319 esse

1078 2340 1190 2367 omnes
1209 2340 1394 2377 agnoscant.

1150 2396 1361 2440 Conqrcqalio
1384 2397 1532 2440 septima,
1556 2407 1615 2439 pru
1639 2395 1750 2428 Iudice

1214 2445 1370 2478 librorum
1387 2445 1626 2489 proltz'bz'torwn
1647 2443 1673 2476 ¹.

1119 2508 1197 2547 Quia
1217 2519 1290 2541 vero
1310 2508 1453 2541 haeresis
1465 2507 1595 2540 morbus
1611 2505 1735 2539 animae
1751 2516 1821 2549 per-

1113 2578 1121 2602 1
1142 2575 1195 2603 Ista
1211 2575 1388 2609 congregatio
1408 2573 1524 2608 perfecit
1540 2573 1661 2600 indicem
1685 2572 1819 2600 libroruin

1076 2615 1239 2644 huiusmodi
1255 2614 1322 2642 alias
1342 2623 1355 2642 a
1372 2614 1419 2641 Pio
1437 2614 1468 2641 tv
1483 2614 1678 2648 approbatum.

1972 131 1979 135 ¹
1980 11 1983 14 .

1858 231 1910 261 An.
1923 233 1956 262 ·C.
1974 234 2023 267 15ss
2038 239 2040 251 ³

1868 395 2024 420 lustttuttocun
2051 409 2053 418 t

1858 431 1940 454 gregat.
1975 426 2039 455 next-l

1858 462 1880 480 et
1924 459 2022 486 explic-uti
2050 473 2052 485 ς

1858 490 1950 510 muneris
1965 490 2020 511 cai-dt
2050 494 2052 498 '

1857 520 1921 541 natis.
2050 516 2051 519 ’
