2059 3228
15 277 63 301 An.
80 272 108 300 C.
128 267 196 299 ¹572

819 259 995 286 Gamomus
1018 259 1072 283 xm
1096 258 1144 282 1²1².

1686 248 1706 280 5

210 332 269 367 per
300 320 450 355 eumdem
483 317 708 353 Sebastianum
721 324 828 358 regem
854 313 959 346 nomi·
1002 311 1177 356 apostolica
1208 310 1397 344 confirmata
1427 315 1458 343 et
1484 308 1661 354 approbata
1688 309 1750 342 sint

210 375 367 415 nandum,
399 374 432 408 in
451 373 649 406 visitatorem
659 374 695 404 *et
713 368 959 403 reformatorem

210 428 394 473 generalem
420 424 678 470 congregationis
697 427 728 456 et
751 419 960 455 monasterio-

210 493 282 517 rum
294 480 490 521 huiusmodi,
507 490 544 513 ac
555 478 699 513 omnium
711 480 741 510 et
755 474 957 518 singulorum

211 536 413 581 prioratuum
440 539 470 567 et
489 534 628 567 aliorum
655 531 802 564 locorum
828 527 957 570 regula-

209 590 295 623 rium
324 588 400 623 dicti
425 586 552 621 Ordinis
575 585 606 619 S.
629 581 802 622 Benedicti,
829 591 956 614 necnon

208 643 375 682 abbatum,
397 641 560 686 priorum,
583 640 816 675 conventuum,
846 644 957 667 mona-

209 697 345 730 chorum
366 700 397 729 et
416 693 550 728 aliarum
571 699 782 734 personarum
803 698 953 727 suarum,

208 749 349 792 exceptis
364 753 470 781 tamen
491 756 528 779 ex
549 743 611 777 illis
639 740 856 776 cardinalibus
879 750 957 784 prse-

207 802 310 842 (lictis,
330 801 370 835 ad
384 798 575 835 decennium
588 800 711 830 tantum
730 794 956 828 constituimus

208 863 239 890 et
265 857 478 900 deputamus;
503 851 614 895 illique
647 849 692 883 sic
723 848 896 882 constituto
925 853 955 880 et

208 911 372 954 deputato,
387 909 428 941 'ut
442 903 645 945 monasteria,
671 902 834 948 prioratus
848 906 879 935 et
893 901 955 934 alia

207 964 296 1004 loca,
318 972 354 996 ac
371 960 516 999 abbates,
543 957 687 1002 priores,
719 960 894 990 conventus
924 959 954 988 et

207 1025 359 1062 personas
368 1011 623 1056 congregationis
632 1014 757 1044 erectae
768 1008 954 1042 huiusmodi

207 1071 293 1104 iuxta
312 1066 440 1102 concilii
462 1064 638 1100 Tridentini
662 1064 791 1098 decreta
814 1062 952 1104 visitare,

206 1123 314 1158 tamin
327 1121 429 1166 capite
444 1131 541 1165 quam
550 1119 582 1153 in
591 1118 744 1152 membris
758 1118 952 1158 reformare,

205 1177 491 1221 delinquentesque
524 1179 555 1207 et
580 1171 800 1206 inobedientes
834 1182 872 1204 ac
901 1181 953 1204 re-

180 1243 185 1247 ·
203 1230 303 1264 belles
322 1237 507 1267 carcerare,
528 1226 683 1269 castigare
707 1230 738 1258 et
756 1224 889 1268 punire,
916 1235 954 1258 ac

204 1282 364 1328 regularia
383 1280 640 1325 congregationis
664 1278 847 1323 praedictae
867 1277 955 1311 insti—

202 1343 269 1372 tuta
292 1336 370 1370 illuc
389 1335 613 1374 introducere,
635 1343 672 1366 ac
696 1330 953 1374 congregationis

201 1395 328 1424 erectae
342 1387 537 1423 monasteria
550 1391 580 1420 et
592 1386 754 1431 prioratus
766 1384 952 1418 huiusmodi

201 1445 234 1478 in
255 1442 482 1478 commendam
502 1451 563 1485 pro
583 1446 729 1483 tempore
749 1438 929 1472 obtinentes
942 1466 950 1481 ‚

201 1497 437 1539 cuiuscumque
452 1499 551 1528 status
566 1493 698 1527 existant
713 1519 720 1534 ,
744 1492 867 1526 etiamsi
884 1502 953 1525 car-

201 1551 364 1586 dinalatus
388 1550 512 1582 honore
537 1547 775 1592 praefulgeant,
809 1546 848 1579 ad
870 1557 953 1587 ‚con-

201 1615 299 1650 gruas
329 1604 511 1643 fructuum,
542 1600 730 1634 reddituum
765 1606 795 1633 et
815 1610 951 1643 proven-

203 1663 295 1692 tuum
315 1656 480 1702 portiones
496 1656 627 1689 illorum
645 1654 853 1688 conventibus
862 1665 953 1697 prae-

203 1712 314 1753 dictis,
337 1711 376 1745 ad
404 1711 466 1744 hoc
499 1715 535 1743 ut
561 1709 632 1753 ipsi,
665 1708 708 1741 ibi
737 1708 949 1751 regulariter,

204 1765 376 1810 tranquille
395 1770 425 1799 et
440 1763 641 1798 commodius
653 1762 798 1801 vivendo,
820 1762 952 1795 liberius

203 1818 354 1853 Altissimi
393 1816 603 1861 beneplacitis
649 1826 761 1849 vacare
808 1815 949 1858 possint,

194 1872 431 1915 assignandum
461 1876 488 1903 et
511 1881 584 1903 cum
606 1870 720 1903 effectu
736 1869 950 1910 tradendum,

203 1926 297 1961 ctiam
313 1925 372 1959 sub
386 1924 531 1958 censuris
551 1922 785 1962 ecclesiasticis,
802 1933 838 1955 ac
852 1933 951 1966 pecu-

202 1978 314 2013 niariis
350 1987 477 2011 necnon
509 1975 778 2009 monasteriorum
809 1980 839 2008 et
863 1976 951 2019 prio-

204 2037 334 2066 ratuum
354 2031 558 2073 aliorumque
578 2029 812 2062 beneficiorum
834 2034 865 2062 et
884 2029 952 2062 ossi-

205 2085 330 2119 ciorum
349 2095 407 2129 per
427 2094 481 2117 eos
501 2094 559 2127 pro
582 2088 726 2125 tempore
747 2082 951 2115 obtentorum

207 2138 390 2182 privationis
414 2137 547 2182 poeniS,
593 2136 727 2179 aliisque
759 2137 953 2180 opportunis

206 2192 286 2225 iuris
305 2196 335 2224 et
357 2191 429 2225 sacti
449 2190 600 2224 remediis
623 2199 738 2233 cogere
758 2195 788 2222 et
808 2191 952 2234 compel-

207 2245 274 2278 lere
286 2270 294 2285 ,
315 2254 352 2277 ae
365 2254 585 2287 quascumque
602 2242 823 2276 ordinationes
843 2248 873 2276 et
893 2249 953 2277 sta-

207 2302 275 2331 tuta
302 2297 437 2330 aliarum
462 2296 746 2340 congregationum
767 2296 953 2330 huiusmodi

206 2351 240 2384 in
260 2355 325 2384 toto
344 2350 393 2383 vel
419 2354 508 2394 parte
527 2360 709 2390 assumere,
741 2360 864 2383 necnon
892 2351 953 2383 alia

207 2405 247 2439 ad
284 2403 411 2438 salubre
444 2402 587 2446 regimen
616 2404 873 2445 congregationis
916 2415 953 2437 ac

208 2453 479 2488 monasteriorum
495 2457 525 2484 et
541 2462 751 2495 personarum
768 2452 952 2486 huiusmodi

208 2501 445 2540 conducibilia,
475 2500 561 2533 licita
580 2506 686 2534 tamen
706 2506 736 2534 et
756 2502 887 2535 honesta
916 2513 953 2536 ac

209 2552 295 2586 dicto
324 2549 461 2584 concilio
494 2559 558 2582 non
585 2549 763 2589 contraria,
795 2551 953 2591 condere,

208 2611 304 2644 quae,
325 2603 494 2643 postquam
516 2597 643 2631 condita
663 2598 777 2638 forent,
802 2599 896 2632 etiam
918 2611 954 2633 ex

208 2653 306 2691 tunc,
335 2653 433 2693 prout
457 2658 494 2682 ex
513 2658 549 2682 ea
568 2646 638 2689 die,
661 2646 745 2681 dicta
764 2649 953 2684 auctoritate

1001 371 1031 399 ct
1048 375 1116 398 esse
1141 370 1333 397 censeantur
1352 374 1390 398 co
1411 363 1491 408 ipso.
1519 362 1748 405 Congrcgatio-

999 429 1074 453 nem
1094 428 1223 462 quoque
1243 429 1299 451 seu
1316 418 1465 458 generale
1490 416 1668 461 capitulum
1702 416 1750 460 ip-

1000 472 1066 506 sius
1082 472 1128 506 sic
1141 476 1266 506 erectae
1283 470 1550 513 congregationis,
1564 471 1625 504 hac
1641 469 1747 514 prima

999 526 1078 567 vice,
1099 525 1155 559 ubi
1169 530 1200 559 et
1215 525 1344 569 quando
1364 524 1421 557 sibi
1442 524 1610 565 videbitur,
1631 523 1690 557 sub
1706 521 1749 557 si·

999 580 1129 613 milibus
1150 579 1295 613 censuris
1311 584 1337 612 et
1362 578 1492 621 poenis,
1519 587 1698 612 convocare
1718 581 1749 610 et

998 634 1141 667 indicere
1169 633 1279 677 illique
1305 632 1507 676 praesidere,
1543 641 1669 665 necnon
1690 641 1748 675 per

998 698 1071 722 eum
1093 692 1208 721 statuta
1222 692 1253 720 ct
1267 685 1412 720 ordinata
1429 711 1435 725 ‚
1458 685 1516 717 sub
1537 685 1655 718 eisdem
1670 694 1747 718 cen-

997 742 1081 775 suris
1113 746 1145 774 et
1171 740 1298 784 poenis,
1337 745 1366 772 et
1403 749 1609 782 quacumque
1634 738 1747 783 appel-

996 795 1116 828 latione
1140 799 1280 834 remota,
1323 792 1447 826 debitae
1481 791 1661 825 executioni
1690 792 1746 824 tle-

996 848 1149 881 mandare
1177 852 1207 880 et
1241 845 1429 880 demandari
1455 844 1580 883 facere;
1619 855 1746 877 necnon

996 901 1218 935 inobedientes
1247 906 1277 934 et
1303 899 1440 933 rebelles
1463 898 1587 942 sibique
1606 909 1671 931 non
1691 909 1747 943 pa-

996 961 1119 997 rentes,
1156 964 1309 989 censuras
1348 958 1379 986 et
1400 962 1521 997 poenas
1558 951 1744 985 huiusmodi

995 1009 1170 1043 incurrisse
1190 1008 1354 1042 declarare
1374 1006 1510 1049 illasque
1519 1004 1614 1038 etiam
1626 1004 1746 1039 iteratis

995 1063 1118 1097 vicibus
1137 1072 1309 1106 aggravare
1342 1066 1372 1094 et
1406 1059 1612 1093 interdictum
1640 1059 1745 1092 ecele-

994 1117 1158 1151 siasticum
1188 1125 1351 1160 apponere
1364 1141 1372 1156 ,
1411 1113 1633 1157 auxiliumque
1669 1112 1744 1146 bra-

994 1171 1059 1204 chii
1083 1170 1278 1210 saecularis,
1305 1169 1330 1203 si
1363 1179 1445 1213 opus
1473 1168 1534 1208 sit,
1574 1167 1742 1207 invocare,

994 1230 1165 1268 ceteraque
1184 1224 1216 1256 in
1239 1222 1423 1268 praemissis
1438 1221 1619 1255 necessaria
1641 1225 1671 1254 et
1689 1231 1745 1264 op-

992 1285 1152 1324 portuna,
1173 1288 1300 1312 necnon
1325 1276 1434 1311 omnia
1463 1281 1494 1309 et
1523 1275 1650 1319 singula
1683 1285 1742 1316 ea,

993 1344 1076 1378 (piae
1103 1332 1269 1376 generales
1297 1330 1435 1364 ministri
1463 1329 1592 1363 Ordinis
1620 1328 1743 1362 Mendi-

994 1388 1135 1421 cantium
1177 1387 1210 1419 in
1257 1385 1305 1419 sui
1349 1384 1475 1418 Ordinis
1507 1382 1678 1423 domibus,
1691 1386 1698 1395 ¹
1714 1388 1744 1416 et

994 1442 1079 1476 eirca
1103 1451 1152 1481 ea,
1175 1440 1253 1473 alias
1278 1445 1387 1473 tamen
1412 1438 1498 1471 iuxta
1522 1436 1623 1481 ipsius
1650 1436 1742 1470 Ordi-

992 1496 1042 1529 nis
1061 1494 1224 1538 regularia
1259 1492 1423 1532 instituta,
1459 1496 1489 1524 et
1522 1489 1590 1524 sine
1617 1491 1743 1534 praeiu-

992 1548 1076 1583 dicio
1093 1547 1213 1581 iurium
1230 1546 1319 1580 Sedis
1338 1544 1532 1590 praedictae,
1558 1554 1596 1577 ae
1615 1554 1743 1578 eorum-

993 1603 1065 1636 dem
1093 1599 1364 1635 monasteriorum
1393 1597 1600 1631 fundatorum
1626 1598 1742 1631 volun-

992 1661 1106 1697 tatem,
1129 1656 1246 1694 facere,
1261 1662 1410 1687 exercerc
1428 1656 1459 1685 et
1469 1651 1582 1696 exequi
1596 1650 1742 1685 similiter

993 1709 1092 1754 possit
1111 1714 1142 1742 et
1159 1709 1271 1748 valeat,
1285 1705 1510 1740 auctoritatem
1519 1705 1740 1739 etfacultatem

993 1763 1222 1802 concedimus;
1249 1766 1280 1795 et
1303 1761 1438 1804 insuper
1455 1759 1549 1803 quod
1573 1759 1612 1792 de
1633 1764 1741 1792 cetero

993 1818 1024 1851 in
1050 1817 1117 1860 ipsa
1137 1821 1243 1849 erecta
1277 1812 1525 1858 congregatione
1558 1812 1742 1846 constitutio

993 1870 1094 1904 felicis
1113 1868 1346 1903 recordationis
1365 1867 1538 1901 Clementis
1559 1866 1662 1910 Papae
1682 1866 1740 1905 111,

993 1923 1251 1969 praedecessoris
1266 1921 1379 1964 nostri,
1396 1931 1480 1964 quae
1496 1920 1609 1963 incipit
1620 1919 1661 1953 In
1672 1920 1740 1952 sin-

992 1979 1088 2022 qulis,
1110 1977 1218 2020 quoad
1233 1975 1431 2009 visitatorum
1444 1974 1646 2013 electionem,
1664 1973 1742 2006 alias

992 2037 1100 2065 tamen
1123 2032 1210 2064 iuxta
1235 2035 1360 2063 erectae
1376 2027 1634 2071 congregationis
1649 2027 1741 2060 insti-

992 2090 1072 2125 tuta,
1088 2094 1214 2118 necnon
1230 2083 1291 2116 alia
1306 2082 1381 2116 dicti
1396 2080 1523 2115 Ordinis
1532 2080 1563 2114 S.
1578 2080 1740 2114 Benedicti

993 2138 1255 2172 reformationem
1267 2135 1503 2175 concernentia,
1519 2134 1680 2168 observari
1689 2133 1742 2167 de-

993 2193 1083 2233 beat,
1108 2191 1278 2226 statuimus
1294 2196 1324 2223 et
1341 2189 1539 2222 ordinamus.
1561 2186 1742 2221 Decernen-

993 2252 1039 2279 tes
1058 2245 1145 2288 quod
1165 2245 1190 2277 si
1215 2243 1300 2277 dicto
1319 2241 1475 2275 decennio
1495 2241 1632 2274 durante
1646 2251 1742 2283 gene-

993 2299 1068 2332 ralis
1088 2299 1298 2336 reformator,
1322 2305 1378 2339 per
1394 2293 1615 2328 Sebastianum
1632 2304 1739 2337 regem

993 2352 1210 2385 nominandus
1232 2348 1440 2388 huiusmodi,
1480 2347 1667 2387 decesserit,
1693 2348 1739 2380 vel

995 2406 1079 2438 idem
1090 2403 1297 2438 Sebastianus
1307 2412 1360 2435 rex
1369 2401 1459 2434 illum
1469 2406 1625 2440 amoveat,
1646 2401 1738 2433 liceat

994 2454 1097 2487 eidem
1125 2451 1309 2486 Sebastiano
1329 2450 1395 2493 regi
1415 2450 1512 2482 alium
1535 2449 1635 2493 ipsius
1654 2450 1740 2489 loeo,

994 2507 1024 2535 et
1044 2501 1177 2535 secundi
1198 2510 1234 2533 ac
1253 2498 1338 2532 tertii
1358 2499 1446 2538 loco,
1481 2499 1529 2531 vel
1545 2498 1639 2531 etiam
1661 2499 1741 2531 ula·-

994 2551 1062 2584 rius
1088 2550 1185 2583 etiam
1210 2549 1308 2581 alium
1342 2548 1525 2587 nominare,
1559 2549 1607 2581 itai
1635 2554 1740 2580 tamen

995 2599 1080 2642 quod
1103 2603 1173 2642 post
1192 2597 1314 2630 dietum
1325 2596 1519 2631 decennium
1536 2596 1740 2639 congregatio

994 2653 1100 2683 erecta
1111 2645 1298 2681 huiusmodi
1310 2645 1442 2679 illorum
1455 2646 1528 2679 loco
1541 2644 1631 2685 alios,
1655 2644 1741 2677 iuxta

1767 258 1816 283 An.
1833 256 1862 283 C.
1883 255 1948 281 ¹572
