2059 3228
134 28 139 41 t

35 280 63 310 c.
71 270 141 310 'is-13

754 274 931 306 GI‘OEGORTUS
953 277 1008 304 xttt
1032 279 1078 304 FP.

1593 282 1655 318 207

168 338 230 377 bus
249 339 418 375 Servorum
439 340 473 369 ut
493 334 588 369 semol
611 334 642 367 In
667 331 728 366 vita
757 338 788 365 et
816 332 913 366 semel
955 331 1087 364 fratrum
1109 332 1278 368 §nrm-um
1311 346 1525 382 ‹vascorum-t,
1553 349 1581 375 et
1610 356 1694 377 man.

168 395 201 430 in
223 398 324 428 morte
343 390 467 437 possint
479 389 597 432 eligere
611 387 671 420 sibi
683 387 912 424 confessorem,

168 445 344 482 dummodo
357 444 395 478 sit
417 454 453 477 ex
473 441 659 487 approbatis
679 440 718 473 ab
734 438 911 477 ordinario,

165 509 186 534 ‘a
203 510 269 544 quo
290 497 467 543 plenariam
487 500 696 539 peccatorum
716 502 850 526 suorum
866 501 914 523 re-

164 552 350 586 missionem
371 549 541 593 recipiant.

251 605 327 639 VIII.
350 605 413 638 Leo
432 601 670 636 Xvisitantibus
685 599 840 632 sacellum
861 597 910 630 di·

164 665 234 694 ctae
265 657 481 692 Annuntiatae
515 656 553 689 de
586 653 748 688 Florentia
774 653 910 685 fratrum

161 711 334 746 Servorum
354 709 514 749 coneedit,
537 707 682 752 qualibet
701 705 752 739 die
772 704 908 744 sabbati,

162 764 251 798 mille
270 775 382 804 annos,
403 768 433 796 et
450 762 583 796 totidem
608 760 849 804 quadragenas3
880 762 911 790 et

160 818 296 861 singulis
317 816 541 851 festivitatibus
560 815 594 848 B.
617 813 732 847 Mariae
756 810 906 855 Virginis,

160 870 384 904 etNativitatis
406 868 532 903 Domini
552 867 653 901 nostri
679 867 751 900 Iesu
777 864 906 903 Christi,

158 923 285 958 veneris
304 929 335 957 et
353 922 477 957 sabbati
505 920 636 955 maioris
658 918 905 959 hebdomadae,

158 977 223 1010 duo
251 987 410 1010 annorum
437 980 468 1009 et
492 975 772 1019 quadragenarum
807 970 907 1004 millia

156 1026 199 1063 ‘de
219 1020 372 1063 iniunctis
392 1027 596 1073 poenitentiis
611 1026 785 1071 apostolica
797 1031 906 1058 aucto-

156 1077 250 1116 ritate
278 1083 409 1116 relaxat.
440 1080 647 1115 Visitantibus
674 1090 749 1113 vero
783 1079 907 1112 dictum

155 1135 314 1170 sacellum
342 1135 446 1169 dictae
474 1134 699 1173 Annuntiatae,
723 1133 771 1166 vel
797 1143 856 1176 per
875 1143 907 1165 se

157 1189 206 1222 vel
226 1187 342 1229 alium,
362 1188 388 1221 si
408 1187 529 1221 fuerint
555 1185 719 1231 impediti,
752 1197 769 1219 a
793 1185 907 1229 primis

159 1241 300 1286 vesperis
319 1244 349 1275 el
374 1240 425 1275 die
445 1246 511 1274 tota
531 1240 709 1274 Nativitatis
729 1240 763 1273 B.
791 1237 907 1272 Mariae

156 1291 303 1337 Virginis,
312 1294 490 1338 plenariam
501 1291 733 1336 indulgentiam
741 1292 906 1334 elargitur,

157 1353 189 1380 et
213 1347 312 1392 priori
346 1344 433 1380 illius
457 1345 643 1380 monasterii
674 1356 733 1390 pro
760 1351 905 1388 tempore

155 1399 301 1433 existenti
321 1410 359 1433 ac
379 1399 617 1433 confessoribus
636 1410 695 1443 per
715 1399 805 1431 illum
827 1409 904 1432 con-

154 1448 283 1494 stitutis,
308 1452 364 1496 qui
385 1452 505 1485 debent
522 1463 591 1485 csse
625 1462 662 1485 ex
691 1451 837 1484 admissis
866 1452 905 1484 ab

153 1505 333 1547 ordinario,
367 1505 518 1539 concedit
547 1516 605 1549 per
635 1510 734 1538 totam
760 1511 904 1538 octavam

153 1559 258 1592 dietae
286 1558 475 1599 festivitatis,
497 1564 532 1591 ut
551 1558 675 1602 possint
704 1558 906 1602 poenitentes

153 1611 318 1645 absolvere
342 1612 382 1644 ab
403 1611 554 1645 omnibus
577 1610 728 1655 peccatis,
763 1611 906 1655 exceptis

153 1664 204 1706 iis,
225 1676 310 1710 quae
329 1664 538 1698 continentur
553 1665 587 1698 in
605 1665 694 1698 bulla
708 1664 832 1698 Coenae
843 1665 904 1698 Do-

154 1719 247 1759 mini,
280 1724 312 1752 et
338 1729 432 1763 posse
456 1719 553 1751 etiam
582 1729 809 1762 quaecumque
833 1724 904 1752 vota

153 1777 366 1813 commutare,
390 1771 529 1815 exceptis
548 1777 689 1815 quatuor
713 1771 902 1813 maioribus,

153 1830 190 1858 ut
208 1824 241 1858 in
260 1824 349 1858 bulla
368 1824 567 1858 continetur.

240 1877 292 1912 IX.
310 1878 397 1911 Idem
417 1878 480 1911 Leo
496 1878 581 1921 Papa
597 1878 622 1911 X
642 1877 801 1911 concessit
816 1879 902 1922 quod

153 1930 294 1965 universi
317 1936 350 1965 et
379 1931 498 1973 singuli
531 1931 646 1964 fratres
674 1930 900 1972 Mendicantes,

153 1984 310 2018 moniales
328 1984 492 2028 Tertiique
512 1984 640 2018 Ordinis
664 1984 834 2028 utriusque
853 1996 902 2018 se-

152 2047 212 2072 xus
231 2047 390 2082 personae
409 2043 441 2071 et
464 2037 639 2071 familiares
667 2048 780 2071 eorum
806 2038 902 2071 dum-

153 2095 240 2124 taxat
257 2090 381 2135 possint
399 2090 541 2134 gaudere
561 2091 712 2124 omnibus
723 2095 755 2124 et
769 2090 902 2134 singulis

154 2142 364 2187 indulgentiis
383 2149 414 2177 et
432 2144 542 2187 gratiis
560 2154 619 2188 per
639 2144 902 2187 praedecessores

100 2230 105 2238 ,
154 2206 231 2230 suos
249 2202 280 2230 et
298 2197 488 2240 praesertim
515 2196 627 2230 domui
656 2197 690 2230 B.
720 2197 836 2230 Mariae
862 2198 901 2231 de

154 2247 278 2292 Populo
297 2249 337 2282 de
355 2249 440 2283 Urbe
450 2249 613 2283 concessis
625 2255 657 2284 et
675 2250 901 2290 concedendis,

154 2301 289 2345 perinde
307 2312 345 2335 ac
364 2302 388 2335 si
410 2302 471 2346 ipsi
490 2303 607 2336 dictam
627 2303 760 2336 domum
781 2304 819 2337 de
839 2302 900 2337 Po-

155 2355 232 2398 pulo
265 2356 477 2399 personaliter
503 2356 679 2396 visitarent,
712 2357 776 2390 illis
804 2358 899 2390 etiam

154 2407 268 2441 diebus
286 2413 317 2441 et
335 2407 567 2449 festivitatibus,
589 2409 707 2452 quibus
734 2410 900 2453 indulgen-

153 2454 216 2489 tiae
234 2455 420 2489 huiusmodi
433 2466 603 2489 concessae
615 2463 752 2490 suntaut
768 2458 896 2492 suerint.

157 2536 159 2538 .
241 2504 279 2537 X.
305 2503 463 2542 Antonius
482 2504 522 2536 de
536 2504 653 2545 Monte,
676 2505 758 2539 tituli
775 2506 806 2538 S.
825 2506 899 2539 Pra-

153 2550 240 2589 xedis
263 2551 295 2585 S.
322 2551 357 2584 E.
384 2552 420 2584 R.
443 2551 628 2592 cardinalis,
661 2558 692 2586 et
715 2554 812 2587 totius
845 2554 900 2588 Or-

154 2598 238 2632 dinis
260 2599 395 2633 fratrum
421 2600 592 2633 Servorum
623 2606 798 2645 protector,
820 2603 898 2636 dum

154 2647 319 2681 *ecclesiam
340 2648 429 2682 divae
452 2649 667 2683 Annuntiatae
687 2649 725 2683 de
737 2649 899 2685 Florentia

953 385 1027 417 dato
1048 385 1123 418 dicti
1141 387 1253 421 Leonis
1274 390 1376 434 Papae
1394 393 1415 424 X
1432 393 1611 429 Florentiae
1631 398 1698 431 exi-

951 438 1064 470 stentis
1092 438 1177 472 vivae
1202 442 1286 474 vocis
1307 446 1448 485 (utic-ule,
1473 451 1647 490 quotannis·
1668 451 1698 484 in

952 491 1021 535 ipsa
1045 491 1094 525 die
1115 496 1367 529 consecrationis
1387 499 1503 533 dictam
1529 504 1697 538 ecclesiam

950 544 1163 587 visitantibus,
1190 548 1366 590 plenariam
1393 552 1627 597 indulgentiam
1649 558 1697 590 in-

950 598 1040 631 dixit.

995 651 1009 693 ἓ
1031 651 1061 684 6.
1085 651 1298 687 Decernentes

950 705 1115 748 quibusvis
1136 706 1291 741 similium
1312 711 1358 742 vel
1394 712 1597 747 dissimilium
1623 728 1695 759 gra-

949 757 1067 791 tiarum
1080 760 1348 803 revocationibus,
1360 763 1614 808 limitationitius,
1630 780 1698 802 sus·

948 812 1160 855 pensionibus
1180 819 1234 847 aut
1257 815 1519 858 derogationibus
1540 821 1693 855 similium

947 864 995 897 vel
1015 865 1221 900 dissimilium
1244 868 1498 912 privilegiorum,
1521 874 1694 913 gratiarum

947 922 979 950 et
998 917 1135 952 aliarum
1147 931 1431 965 quarumcumque
1449 914 1693 960 concessionum

947 970 1132 1004 nullatenus
1153 974 1397 1017 comprehendi,
1431 977 1484 1009 setl
1506 989 1632 1022 semper
1657 981 1695 1012 ab

947 1023 1010 1055 illis
1030 1030 1178 1069 exceptas
1198 1038 1276 1067 esse,
1298 1029 1487 1072 censerique
1507 1032 1637 1071 debere;
1659 1044 1695 1065 ac

947 1076 986 1109 de
1010 1078 1228 1122 subreptionis
1256 1081 1302 1113 vel
1333 1082 1532 1127 obreptionis
1556 1085 1642 1125 vitio,
1665 1091 1696 1117 et

947 1128 1137 1163 intentionis
1159 1138 1287 1165 nostrae
1301 1134 1426 1167 defectu
1442 1136 1545 1169 notari
1567 1143 1620 1169 aut
1638 1137 1696 1169 iui-

946 1183 1083 1225 pugnari
1117 1195 1182 1217 non
1206 1196 1311 1228 posse,
1345 1188 1399 1220 sed
1425 1195 1608 1231 praesentes
1641 1201 1694 1222 va-

947 1236 1026 1268 lidas
1047 1247 1175 1280 semper
1194 1244 1224 1271 et
1245 1240 1391 1273 efficaces
1412 1241 1606 1282 existere,ac
1626 1255 1694 1286 pet·-

946 1294 1044 1333 petuo
1064 1291 1244 1333 suffragari.

989 1343 1004 1386 ἓ
1030 1343 1060 1376 7.
1081 1344 1198 1387 Sicque
1214 1350 1241 1377 et
1264 1356 1328 1378 non
1343 1346 1446 1387 aliter,
1464 1347 1495 1379 in
1512 1347 1693 1390 praemissis

945 1396 1095 1429 omnibus
1111 1403 1142 1429 et
1162 1397 1309 1440 singulis,
1323 1410 1381 1442 per
1400 1411 1625 1443 quoscumque
1648 1401 1694 1434 iu-

945 1448 1031 1482 dices
1068 1456 1099 1482 et
1132 1450 1297 1494 delegatos
1311 1478 1318 1492 ,
1352 1452 1463 1495 quavis
1501 1454 1692 1486 auctoritate

946 1503 1126 1545 fungentes,
1153 1504 1249 1537 etiam
1278 1516 1448 1538 causarum
1476 1506 1586 1539 Palatii
1606 1508 1691 1550 Apo—

944 1555 1047 1588 stoliei
1081 1556 1244 1590 auditores
1262 1564 1292 1591 et
1310 1558 1341 1590 S.
1368 1559 1404 1591 R.
1437 1559 1470 1591 Ε..
1499 1560 1689 1599 cardinales,

943 1609 1070 1642 sublata
1089 1609 1134 1642 eis
1158 1616 1189 1643 et
1212 1621 1325 1644 eorum
1347 1612 1479 1645 cuilibet
1503 1612 1613 1655 quavis
1633 1613 1690 1645 ali-

943 1666 992 1694 ter
1011 1662 1174 1696 iudicandi
1195 1669 1225 1697 et
1244 1666 1477 1708 interpretandi
1494 1667 1691 1699 facultateae

943 1716 1145 1757 auctoritate,
1179 1716 1315 1750 iudicari
1343 1725 1371 1751 et
1397 1719 1528 1751 diffiniri
1554 1719 1687 1759 debere;

943 1768 1068 1802 irritum
1103 1777 1134 1803 et
1168 1770 1261 1804 inane
1290 1772 1444 1815 quit-quid
1469 1783 1561 1805 secus
1593 1782 1690 1816 super

941 1822 992 1854 liis
1007 1834 1024 1855 a
1040 1834 1218 1866 quoquam,
1236 1826 1346 1868 quavis
1366 1825 1569 1865 auctoritate,
1587 1825 1688 1858 scien-

943 1882 990 1908 ter
1013 1876 1061 1909 vel
1086 1876 1285 1918 ignoranter,
1307 1878 1478 1920 contigerit
1502 1878 1663 1910 attentari.

985 1930 1000 1971 ἓ
1025 1931 1054 1962 8.
1082 1929 1241 1968 Quocirca
1269 1931 1506 1963 venerabilibus
1537 1930 1688 1963 fratribus

942 1982 1147 2016 Maeeratensi
1172 1989 1203 2016 et
1221 1984 1422 2017 Amerinensi
1460 1983 1630 2027 episcopis,
1658 1989 1689 2016 et

941 2035 1058 2068 dilecto
1084 2036 1150 2069 filio
1182 2047 1353 2070 causarum
1387 2036 1500 2069 Curiae
1536 2036 1687 2069 Gamerae

940 2089 1141 2132 Apostolieae
1162 2090 1305 2132 generali
1326 2089 1465 2122 auditori
1486 2100 1543 2132 per
1563 2095 1688 2132 aposto-

940 2142 1001 2175 lica
1021 2143 1140 2186 scripta
1160 2143 1349 2175 mandamus
1379 2148 1538 2184 quatenus
1559 2142 1619 2185 ipsi
1639 2142 1686 2174 vel

941 2195 1005 2227 duo
1031 2201 1084 2228 aut
1104 2206 1189 2227 unus
1220 2206 1344 2231 eorum,
1366 2205 1422 2233 per
1443 2205 1474 2226 se
1507 2194 1555 2226 vel
1587 2194 1686 2226 alium

940 2259 995 2281 seu
1012 2249 1102 2287 alios,
1122 2254 1307 2291 praesentes
1324 2249 1444 2279 litteras
1454 2253 1483 2279 et
1503 2247 1594 2279 ineis
1608 2257 1685 2279 con-

941 2306 1026 2334 tenta
1045 2312 1282 2345 quaecumsnw,
1308 2301 1360 2333 ubi
1390 2305 1421 2333 et
1450 2299 1579 2342 quando
1604 2310 1686 2343 opus

939 2354 1047 2394 suerit,
1069 2366 1105 2387 ac
1136 2355 1261 2398 quoties
1282 2364 1340 2397 pte
1366 2358 1454 2396 parte
1476 2353 1550 2386 dicti
1578 2353 1684 2386 Iacobi

939 2408 1103 2440 Thavantii
1129 2407 1245 2451 prioris
1279 2406 1437 2448 generalis
1468 2406 1516 2438 vel
1549 2406 1683 2439 fratrum

939 2456 1014 2489 dicti
1035 2456 1162 2489 Ordinis
1182 2456 1296 2487 fuerint
1320 2454 1478 2497 requisiti,
1497 2454 1684 2487 solemniter

939 2505 1152 2548 publicantes,
1175 2504 1301 2545 illisque
1322 2502 1352 2534 in
1375 2503 1558 2545 praemissis
1579 2503 1684 2535 effica-

940 2553 984 2586 cis
1008 2552 1203 2585 defensionis
1223 2551 1382 2595 praesidio
1417 2552 1609 2592 assistentes,
1643 2553 1685 2583 fa-

940 2601 1023 2634 ciant
1042 2601 1230 2634 auctoritate
1251 2606 1359 2632 nostra
1375 2600 1526 2633 Iacobum
1542 2600 1683 2633 Thavan-

940 2650 1039 2691 tium,
1064 2649 1251 2692 dictumque
1276 2648 1427 2682 Ordinem
1447 2654 1476 2682 ct
1492 2649 1582 2689 alios,
1602 2660 1683 2692 quos

1708 277 1755 302 An.
1776 278 1803 303 C.
1829 277 1892 303 157³

1779 649 1896 671 clausulae

1316 665 1498 699 praesentes
1510 661 1630 695 litteras
1639 664 1697 696 sut»
1707 677 1894 700 praeservativa.

1734 1305 1838 1325 clausula
1847 1308 1897 1327 θιὼ·

1706 1332 1738 1352 lat
1746 1340 1759 1352 ι.

1776 1896 1894 1922 Deputatio

1703 1930 1856 1949 executurum.
