2059 3228
104 245 158 276 AB·
173 246 203 275 fl.
222 249 291 281 1585
348 245 411 280 566

149 1602 276 1629 Praeposito

92 1634 188 1659 generali
205 1633 278 1654 Socie-

93 1664 142 1684 tatis
157 1663 206 1685 lesu
221 1665 277 1685 adiu·

94 1695 149 1715 dicat.
183 1696 216 1716 ius
244 1695 278 1716 fn-

94 1726 164 1747 ciendi
191 1729 277 1752 statuta,

95 1761 228 1779 etrectorem
240 1764 277 1779 ce-

94 1792 196 1815 terosque
232 1789 278 1810 otti-

93 1819 161 1841 etates
174 1819 280 1846 ettgendi;

301 316 423 345 servata
442 308 546 342 forma
555 305 743 340 Viennensis
763 304 902 347 concilii,
922 311 951 339 et
971 306 1048 340 alias

301 363 387 397 iuxta
419 360 664 396 Universitatum
698 359 836 392 aliorum
860 359 1048 393 Studiorum

299 414 499 460 generalium
517 412 767 448 consuetudines
787 419 817 447 et
836 419 961 447 erectae
974 412 1050 446 Uni-

298 468 454 503 versitatis
479 462 834 510 statutafpromovere,
855 473 881 500 et
906 466 1047 511 ipsorum

297 523 458 569 graduum
477 522 572 555 solita
591 520 728 564 insignia
748 521 795 555 eis
814 521 978 560 exliibe1·e;
996 527 1048 553 nt-
1091 552 1105 562 ῃ

298 588 360 622 que
373 576 413 610 ad
423 576 526 609 dictos
536 575 655 618 gradus
665 574 711 608 sic
726 585 785 619 per
793 574 883 607 illum
894 574 1045 618 promoti,

296 635 408 676 postea
426 629 558 673 publice
571 634 601 662 et
612 627 773 673 privatim,
787 628 881 661 etiam
895 628 924 660 in
943 628 1047 661 omni-

295 684 356 718 bus
374 682 446 717 aliis
464 681 728 717 Universitatibus
747 681 933 715 Studiorum
955 692 1049 724 gene-

295 737 425 778 ralium,
440 736 609 770 facultates
618 735 788 781 praedictas
804 735 1006 779 interpretari
1019 740 1047 766 et

294 790 375 824 alios
393 790 511 823 docere
531 794 562 823 et
585 789 625 822 de
647 788 693 822 eis
713 788 878 832 disputare
897 816 903 828 ,
933 788 1046 830 gradui

294 855 352 878 seu
360 843 514 887 gradibus
526 841 713 875 huiusmodi
723 841 949 875 convenientes
957 846 1048 874 aetus

294 907 457 938 exercere,
477 908 513 930 ae
528 896 679 930 omnibus
715 894 900 940 privilegiis,
923 894 1044 937 gratiis,

295 950 467 991 favoribus,
489 949 721 994 praerogativis
749 954 778 982 et
803 948 947 987 indultis,
979 947 1048 991 qui-

292 1005 354 1038 hus
377 1003 433 1037 alii
452 1003 486 1036 in
519 1003 693 1047 praedictis
713 1013 771 1036 seu
790 1001 861 1035 aliis
884 1001 1046 1035 Universi-

294 1057 412 1091 tatibus
431 1062 462 1091 et
476 1056 553 1090 alibi
572 1057 659 1089 iuxta
688 1056 818 1089 illarum
844 1055 1046 1088 constitutio-

292 1121 350 1144 nes
369 1116 402 1145 et
424 1121 532 1144 mores
555 1110 595 1143 ad
619 1110 738 1153 gradus
763 1108 944 1152 praedictos
970 1119 1046 1152 pro-

292 1164 384 1206 moti,
402 1165 442 1198 de
465 1163 536 1197 iure
551 1164 599 1197 vel
624 1162 873 1203 consuetudine,
900 1168 1045 1201 utuntur,

291 1218 462 1263 potiuntur
485 1224 518 1251 et
540 1217 693 1261 gaudent,
721 1227 758 1250 ac
795 1216 858 1256 uti,
884 1216 981 1260 potiri
1017 1221 1047 1247 ot

291 1272 433 1316 gaudere
457 1277 611 1315 poterunt
638 1270 671 1303 in
696 1271 859 1311 futurum,
886 1270 919 1302 in
943 1270 1047 1303 omni-

290 1325 353 1359 hus
384 1330 417 1359 et
440 1335 498 1369 per
522 1324 630 1358 omnia
646 1351 655 1365 ,
692 1324 827 1368 perinde
852 1334 889 1357 ac
913 1323 939 1356 si
976 1334 1047 1367 gra-

291 1379 352 1413 dus
386 1378 473 1424 ipsos
501 1378 534 1411 in
564 1377 830 1411 Universitatibus
858 1376 1046 1410 huiusmodi

291 1432 379 1467 iuxta
419 1432 551 1465 illarum
590 1442 697 1465 mores
735 1436 766 1464 et
801 1430 1046 1464 constitutiones

291 1485 352 1520 rite
375 1481 603 1530 suscepissent,
629 1485 689 1527 uti,
716 1484 814 1529 potiri
839 1491 870 1518 et
890 1485 1042 1528 gaudere.

334 1540 351 1584 ἓ
375 1539 407 1573 7.
427 1539 561 1573 Necnon
580 1539 736 1572 moderno
756 1544 787 1572 et
817 1549 877 1583 pro
900 1543 1046 1582 tempore

290 1591 436 1626 existenti
455 1592 561 1626 dictae
580 1591 746 1625 Societatis
755 1591 938 1636 praeposito
952 1602 1047 1634 gene-

290 1646 351 1679 rali
365 1672 374 1687 ,
394 1651 441 1687 ut,
461 1656 520 1690 per
539 1656 572 1679 se
591 1646 641 1679 vel
667 1645 830 1679 dictorum
861 1644 988 1688 collegii
1016 1650 1046 1677 et.

291 1705 417 1733 erectae
431 1698 655 1732 Universitatis
681 1703 843 1732 rectorem
869 1703 926 1731 aut
944 1698 1045 1731 alium

291 1763 349 1786 seu
368 1752 460 1794 alios,
482 1763 541 1797 pro
561 1751 683 1785 salubri
703 1757 734 1785 et
758 1751 844 1784 felici
869 1750 1045 1784 directione

292 1805 396 1840 dictae
419 1805 638 1839 Universitatis
671 1810 807 1846 erectae,
834 1816 870 1838 ac
897 1804 1043 1844 rectoris,

293 1860 535 1903 magistrorum,
557 1864 822 1904 procuratorum,
834 1859 1043 1896 bidellorum,

293 1913 490 1947 nunciorum
510 1918 541 1947 et
560 1913 700 1946 aliorum
729 1911 952 1946 ministrorum
975 1922 1045 1944 mu-

292 1968 425 2001 neribus
445 1973 476 2012 et
495 1967 728 2008 functionibus,
751 1966 912 2010 modoque
933 1972 959 1998 et
984 1966 1047 1998 sor-

294 2031 346 2054 ma
365 2020 516 2067 docendi,
538 2026 568 2054 et
587 2019 665 2053 alias
685 2030 743 2053 sua
752 2018 1045 2058 officiaexercendi,

293 2085 331 2108 ac
342 2074 539 2108 scholarium
557 2072 812 2114 manutentione‚
820 2083 1045 2116 quaecumque

294 2133 410 2161 statuta
434 2134 465 2162 et
483 2127 704 2161 ordinationes
724 2126 811 2160 licita
831 2131 861 2159 et
890 2126 1023 2158 honesta
1036 2152 1043 2165 ,

294 2191 332 2214 ac
351 2180 449 2214 saeris
469 2180 648 2214 canonibus
671 2185 701 2213 et
721 2178 849 2213 concilii
869 2178 1045 2211 Tridentini

295 2235 430 2268 decretis
451 2244 515 2268 non
539 2233 701 2268 contraria
729 2233 824 2266 edere
849 2238 877 2265 et
903 2233 1047 2276 promul-

295 2298 382 2330 gare,
397 2299 510 2332 eaque,
535 2298 591 2332 pro
608 2293 804 2330 temporum,
819 2291 963 2319 rerumet
977 2296 1047 2329 per-

296 2351 447 2373 sonarum
468 2341 632 2385 qualitate,
659 2345 796 2380 mutare,
825 2339 988 2382 corrigere
1017 2345 1048 2372 et

298 2393 484 2434 reformare,
502 2405 557 2427 seu
579 2394 632 2426 illa
652 2404 777 2426 cassare
789 2399 819 2427 et
829 2393 996 2436 abrogare,
1010 2403 1047 2426 ac

297 2442 356 2474 alia
378 2443 414 2473 di·
431 2453 512 2475 novo
526 2443 633 2482 edere,
649 2449 784 2486 etsuper
798 2442 928 2474 illorum
940 2441 1048 2475 obser-

297 2490 419 2523 vatione
438 2502 556 2533 poenas
576 2492 644 2524 eius
655 2491 789 2524 arbitrio
806 2491 985 2534 imponere,
1001 2490 1047 2522 di-

297 2544 427 2579 ctaeque
470 2546 595 2572 erectae
629 2539 847 2572 Universitatis
879 2540 1046 2578 doctores,

299 2587 477 2629 magistros,
495 2588 872 2629 lectores,scholasticos,
890 2598 1047 2631 procura-

299 2641 395 2674 tores,
419 2635 552 2669 bidellos
577 2637 721 2681 aliosque
742 2636 908 2670 ministros
927 2642 957 2670 et
978 2637 1047 2669 olli-

851 252 925 278 Ῥ-ΪΥΠ
939 254 1032 278 mimi
1053 253 1206 279 mmmm

1862 255 1900 284 Λη
1924 253 1993 287 Cp'ss

1091 304 1188 339 ciales
1208 305 1326 349 eligere
1348 311 1375 339 et
1405 316 1564 345 amovere,
1587 317 1641 341 sen
1668 309 1844 342 electiones
1950 294 1972 307 Ἀ

1092 358 1188 392 saetas
1199 358 1393 392 confirmare
1411 359 1494 392 licite
1511 360 1629 398 valeat,
1650 362 1842 395 auctoritate

1091 412 1278 455 apostolica,
1300 417 1412 445 tenore
1431 412 1648 455 praesentium
1672 415 1842 449 huiusmo-

1090 465 1134 505 di,
1157 465 1252 498 etiam
1278 472 1435 510 perpetuo
1457 466 1666 500 concedimus
1681 473 1711 500 et
1734 468 1843 502 indul-

1090 624 1203 658 Carolo
1215 625 1400 666 archiduce,
1417 626 1653 670 utpraesertur,
1668 628 1802 671 collegio
1813 634 1844 662 et

1090 678 1276 711 huiusmodi
1292 678 1494 712 Universitati
1507 690 1563 723 per
1573 685 1757 723 praesentes
1776 691 1844 715 ere-

1090 736 1157 764 ctae
1172 723 1346 775 praedictis
1361 743 1513 766 concessa
1532 739 1562 766 et
1584 734 1712 773 donata,
1731 740 1843 768 aueto-

1090 785 1183 818 ritate
1209 791 1236 817 et
1264 786 1580 830 tenore-praedietis,
1604 787 1753 821 similiter
1771 799 1844 833 per-

1089 843 1187 881 petuo
1207 839 1409 882 applicamus
1432 846 1463 873 et
1483 841 1744 884 appropriamus.

1132 892 1147 934 ξ
1171 893 1200 924 9.
1236 892 1416 929 Praeterea,
1443 892 1476 925 in
1505 899 1739 937 augumentum
1759 894 1843 928 dotis
1882 886 1987 936 moyn&

1089 945 1214 988 collegii
1232 946 1261 978 et
1272 951 1397 979 erectae
1409 946 1627 980 Universitatis
1639 948 1839 990 huiusmodi,
1856 935 1982 987 3353*-

1088 1003 1189 1042 utqne
1210 999 1313 1032 dictae
1343 1000 1511 1033 Societatis
1532 1001 1709 1046 presbyteri
1730 1007 1761 1035 et
1787 1002 1841 1035 alii
1856 993 1981 1051 iffae!
2016 1002 2019 1040 ’,

1088 1051 1170 1084 inibi
1191 1063 1250 1096 pro
1275 1059 1421 1097 tempore
1455 1054 1606 1097 degentes
1641 1056 1842 1089 commodius
1855 1046 1981 1103 ³53,ng

1088 1106 1260 1138 sustentari
1274 1107 1408 1148 valeant,
1431 1107 1476 1140 eis
1498 1108 1537 1140 de
1552 1108 1691 1141 alicuius
1702 1108 1841 1142 snbven-
1856 1113 1912 1140 deati
1968 1103 1975 1106 ”

1089 1159 1185 1192 tionis
1209 1160 1329 1193 auxilio
1357 1161 1574 1204 providentes,
1601 1162 1686 1195 ultra
1713 1162 1843 1206 praedi-
1958 1148 1965 1158 ι

1088 1219 1170 1245 ctam
1185 1219 1272 1254 tunc,
1283 1219 1318 1247 ut
1327 1214 1519 1257 praefertur,
1531 1215 1735 1258 assignatam,
1747 1216 1842 1250 aliam

1088 1267 1276 1310 pensionem
1297 1278 1437 1301 annuam
1457 1268 1595 1302 aliorum
1616 1269 1754 1302 duorum
1768 1270 1843 1303 mil-

1087 1320 1167 1353 lium
1188 1322 1387 1354 florenorum
1420 1322 1516 1355 etiam
1537 1322 1778 1363 Rhenensium,
1799 1323 1843 1357 ita

1087 1379 1124 1406 ut
1144 1379 1280 1418 utraque
1305 1375 1418 1418 pensio
1438 1376 1628 1409 huiusmodi
1653 1376 1686 1409 in
1712 1377 1840 1411 univer-

1087 1437 1158 1459 sum
1179 1434 1210 1461 et
1229 1427 1359 1461 insimul
1382 1429 1422 1461 ad
1436 1439 1596 1462 summam
1605 1435 1747 1473 quatuor
1766 1431 1840 1463 mil-

1086 1480 1167 1513 lium
1188 1486 1219 1514 et
1239 1482 1453 1515 ducentorum
1471 1482 1670 1516 florenorum
1683 1483 1840 1518 similium

1087 1535 1250 1576 ascendat,
1283 1547 1382 1579 super
1418 1537 1606 1570 monasterii
1632 1547 1689 1570 seu
1724 1538 1840 1571 domus

1086 1587 1274 1622 huiusmodi
1290 1589 1459 1630 fructibus,
1472 1590 1651 1624 redditibus
1662 1596 1693 1624 et
1704 1601 1840 1634 proven-

1086 1640 1185 1682 tibus,
1213 1641 1309 1675 etiam
1330 1643 1355 1675 si
1381 1654 1479 1687 super
1497 1643 1561 1676 illis
1576 1643 1658 1676 aliae
1668 1643 1839 1688 pensiones

1086 1705 1212 1728 annuae
1232 1695 1302 1728 aliis
1323 1696 1468 1740 personis
1487 1697 1665 1739 assignatae
1690 1698 1836 1737 existant,

1086 1759 1123 1781 ac
1150 1760 1262 1783 omnes
1290 1750 1462 1794 pensiones
1487 1750 1675 1784 huiusmodi
1706 1750 1838 1784 insimul

1087 1803 1276 1836 eorumdem
1288 1803 1652 1843 fructuum‚reddituum
1667 1809 1697 1837 et
1708 1815 1843 1849 proven-

1088 1861 1179 1888 tuum
1202 1856 1405 1890 medietatem
1426 1857 1842 1897 excedant,acomnesillos

1087 1909 1292 1950 absorbeant,
1314 1920 1373 1954 pro
1396 1916 1539 1953 tempore
1560 1910 1705 1943 existenti
1724 1910 1840 1944 rectori

1086 1964 1134 1996 rel
1160 1964 1252 1996 alteri
1286 1963 1443 2007 superiori
1485 1964 1612 2007 collegii
1647 1974 1683 1996 ae
1714 1969 1841 1997 erectae

1087 2017 1307 2050 Universitatis
1326 2016 1524 2056 huiusmodi,
1541 2017 1588 2049 vel
1599 2016 1668 2050 eius
1680 2028 1839 2060 procura-

1088 2071 1148 2102 tori
1167 2070 1206 2103 ad
1226 2071 1287 2103 lioe
1309 2070 1348 2103 ab
1368 2081 1404 2103 eo
1422 2070 1563 2114 speciale
1585 2070 1841 2103 mandatumlla-

1086 2123 1172 2156 beuti
1195 2135 1253 2167 per
1272 2135 1330 2168 pro
1355 2130 1498 2167 tempore
1519 2124 1706 2156 existentem
1728 2134 1841 2157 mona-

1088 2177 1176 2209 sterii
1211 2188 1265 2210 seu
1292 2177 1406 2210 domn-s
1425 2177 1612 2209 huiusmodi
1630 2176 1840 2209 administra-

1088 2237 1190 2263 torem
1211 2236 1241 2263 οἱ
1273 2230 1341 2264 eius
1366 2241 1577 2270 suut-cessores,
1605 2229 1835 2263 monasterium

1088 2295 1143 2317 seu
1164 2284 1295 2317 domum
1316 2284 1502 2317 huiusmodi
1524 2294 1582 2327 pro
1599 2289 1742 2326 tempore
1760 2293 1838 2327 quo-

1088 2338 1264 2371 modolibet
1287 2337 1480 2372 obtinentes,
1504 2343 1556 2370 aut
1575 2337 1763 2370 eormndem
1773 2337 1839 2369 sru—

1088 2395 1210 2431 etuum,
1238 2391 1421 2424 reddituum
1439 2396 1467 2424 et
1491 2396 1702 2434 proventuum
1726 2389 1839 2422 fietua-

1088 2439 1164 2480 rios‚
1184 2451 1239 2473 seu
1260 2440 1340 2472 alios
1359 2439 1544 2472 monasterii
1565 2449 1618 2471 seu
1641 2439 1756 2470 domus
1777 2438 1837 2470 liu-

1089 2488 1226 2522 iusmodi
1247 2487 1410 2528 officiales,
1433 2487 1525 2520 annis
1538 2487 1683 2530 singulis,
1707 2486 1738 2518 in
1757 2496 1835 2528 qun-

1090 2543 1163 2570 tuor
1189 2536 1347 2575 terminis,
1369 2536 1495 2579 singulo
1516 2535 1657 2568 videlicet
1687 2534 1835 2566 trimestri

1091 2597 1148 2630 pro
1169 2591 1282 2630 quarta
1296 2591 1399 2629 parte,
1417 2585 1757 2628 pensionemquatuor
1769 2583 1838 2614 mil—

1091 2636 1169 2669 lium
1179 2642 1210 2669 et
1222 2636 1436 2669 ducentorum
1455 2634 1650 2667 florenorum
1670 2631 1838 2665 huiusmo-

1858 645 1912 666 dnce
1949 642 1976 670 ω’]

1857 676 1923 698 confir
1930 685 1938 695 n
1955 680 1970 711 ἔ

1858 705 1918 734 uter,
1955 716 1957 719 ·
1966 713 1970 717 ·
