2059 3228
130 210 184 242 An.
199 210 228 240 c.
242 200 308 240 158'7

140 1715 194 1736 Libri
216 1717 237 1737 81
269 1723 294 1738 ea

114 1748 285 1774 fil‹·niliqn-n··1m

129 1784 152 1796 nr·
179 1778 254 1801 lingua,
270 1786 288 1798 a<

114 1812 224 1834 puritati-ul
252 1816 274 1829 ra

367 191 431 233 84⁶2

324 261 382 295 ciis
391 261 449 293 suh
461 260 631 292 verborum
645 258 785 290 nubibus
798 257 956 291 involvere
969 264 996 290 ct
1009 268 1076 290 cor-

324 324 487 357 rumpere,
500 324 537 345 ae
548 317 734 354 corruptam
749 322 805 354 per
816 311 997 344 universnm
1011 311 1075 343 dis-

321 367 494 406 seminare,
508 370 538 399 et
550 376 679 408 gregem
696 364 822 397 Domini
835 376 852 397 a
863 370 950 398 recto
964 364 1074 397 ti'ami-

321 427 350 453 te
364 421 393 452 in
407 430 521 453 eorum
535 419 711 462 perniciem
725 419 877 452 seducere
889 424 921 452 et
931 419 1073 463 ipsorum

319 484 441 507 veneno
452 473 583 506 inficere
599 482 694 505 ausos
706 482 783 512 esse,
796 472 856 506 hac
871 473 993 505 ratione
1011 472 1073 505 exi-

320 528 434 560 tiosam
466 526 640 560 admodum
687 530 808 569 pestem
849 537 1072 570 pervcwsarum

318 580 493 624 praecipue
514 580 751 623 seripturarum
772 580 932 623 corruptis
959 579 1073 612 editio-

317 634 414 666 nihus
434 633 466 666 in
488 633 696 666 christianam
715 633 951 676 rempublicam
973 632 1071 676 impia

317 687 517 720 innnanitate
552 687 752 727 evomuisse,
784 698 819 720 ex
854 688 953 720 altera
981 697 1069 726 vero,

317 742 476 774 intuentes
497 740 712 773 miserandam
729 741 946 783 plurimorum
969 752 1072 784 popu-

316 794 422 827 lorum
449 794 677 834 calamitatem,
700 794 737 826 ad
759 804 852 837 quos,
881 794 913 826 in
941 794 1069 837 longin—

304 848 388 890 ¹qnis
412 853 443 880 et
469 846 598 880 remotis
612 847 699 879 orbis
721 846 865 890 partibus
885 848 933 880 vel
955 848 1068 888 inlide-

316 901 395 933 lium
421 901 608 942 regionibus
638 900 819 941 existentes,
851 901 945 934 veluti
969 901 999 934 in
1022 907 1069 934 te-

314 955 423 987 nebris
443 960 617 995 versantes,
644 955 821 987 catholicae
846 955 919 987 fidei
941 955 1067 997 fulgen-

311 1014 362 1047 tes
377 1009 484 1041 radios
507 1008 722 1052 (obstantibus
742 1008 801 1041 sihi
820 1009 868 1041 vel
885 1009 1066 1042 haereticae

310 1056 476 1106 ¹pravitatis
504 1063 551 1095 vel
581 1062 708 1105 gentilis
729 1061 892 1095 coecitatis
913 1062 1066 1105 nubibus)

312 1121 464 1159 penetrat·
480 1115 676 1159 illorumque
694 1120 817 1148 mentes
830 1115 991 1148 illustrare
1009 1116 1066 1149 ad-

312 1169 377 1201 lmc
402 1169 511 1201 datum
534 1179 598 1201 non
621 1168 698 1208 suit,
717 1179 781 1201 non
802 1169 970 1212 potuimus
1000 1180 1065 1203 non

311 1223 441 1255 assiduo
466 1223 617 1255 salutaria
638 1233 696 1266 pro
717 1222 901 1266 praemissis
921 1223 1063 1256 remedia

311 1275 448 1308 sollicite
476 1275 668 1319 conquirere
694 1281 724 1309 et
756 1275 941 1319 providere.
974 1276 1064 1310 Unde

310 1329 416 1369 nobis,
438 1329 502 1362 Deo
527 1329 669 1370 iuvante,
706 1340 740 1361 cx
773 1334 818 1362 tot
844 1335 923 1373 quot
954 1330 1064 1362 animo

310 1382 364 1415 din
390 1382 590 1425 agitavimus,
614 1383 819 1427 praeclarum
841 1389 871 1416 et
902 1383 1062 1426 optimum

309 1446 415 1479 nuper
434 1437 577 1469 oblatum
595 1442 652 1477 est,
667 1447 731 1479 quo
743 1436 915 1477 mediante,
938 1442 1064 1470 utrum-

309 1500 383 1533 que,
408 1490 447 1522 ad
468 1500 565 1534 quem
586 1490 790 1531 anhelamus,
808 1490 1061 1534 praemissorum

310 1543 407 1576 tinem
424 1544 562 1576 feliciter
582 1544 737 1586 consequi
764 1544 797 1576 in
826 1543 961 1577 Domino
989 1555 1062 1588 spe-

310 1607 432 1630 ramus.

352 1652 367 1693 ἓ
388 1650 417 1684 l.
436 1652 546 1694 Itaque
563 1652 740 1695 perfectam
751 1658 782 1685 et
803 1652 892 1685 omni
909 1663 945 1685 ex
972 1658 1061 1696 parte

309 1715 367 1748 pro
400 1706 474 1739 totis
507 1705 629 1738 viribus
662 1705 780 1739 nostris
814 1706 997 1739 absolutam
1032 1712 1063 1739 et

309 1758 506 1791 elaboratam
528 1759 731 1802 (conquisitis
748 1759 787 1792 ad
812 1759 874 1792 hoc
895 1758 1007 1803 peritis
1032 1765 1063 1793 et

310 1812 441 1854 integris
457 1812 541 1855 viris)
558 1812 719 1845 officinam
737 1823 793 1845 seu
814 1813 1061 1857 typographiam

250 1879 274 1892 nn
312 1865 340 1897 in
354 1866 413 1897 hac
434 1866 518 1898 alma
540 1866 622 1899 Urhe
642 1871 752 1899 nostra
771 1866 946 1910 perfectius
963 1878 1060 1910 quam

311 1930 451 1962 unquam
473 1924 565 1952 antea
591 1919 770 1961 instituere,
798 1925 985 1963 certamque
1016 1921 1059 1953 illi

310 1973 416 2005 sedem
430 1974 577 2006 etlocum
594 1973 626 2006 in
644 1974 794 2007 Vaticano
806 1975 892 2018 apud
913 1980 1058 2007 nostrum

310 2027 464 2059 Palatium
486 2027 707 2071 Apostolieum
729 2027 903 2060 decernere
924 2033 954 2061 et
981 2039 1059 2061 con-

310 2080 441 2113 stituere
462 2081 704 2124 proposuimus,
726 2087 823 2124 prout
844 2091 881 2113 ex
898 2092 985 2114 nunc
1002 2082 1059 2114 ha-

311 2145 381 2165 rum
410 2135 491 2167 serie
522 2135 729 2168 decernimus
758 2140 788 2168 et
817 2135 1056 2173 constituimus,

310 2187 339 2219 in
366 2198 440 2229 qua,
465 2194 497 2219 nt
515 2188 638 2231 puritas
657 2188 833 2231 Evangelii,
856 2189 990 2221 sublatis
1011 2200 1059 2222 er-

310 2241 446 2281 roribus,
481 2253 538 2274 suo
574 2242 684 2275 illaeso
723 2243 862 2276 candore
899 2249 1057 2286 perpetuo

310 2301 528 2334 reuma-rcum,
569 2295 640 2327 lilJri
678 2294 772 2336 sacri,
807 2301 1058 2339 sanctorumque

917 204 1095 236 BULLAntttn
1117 206 1268 230 nomNUM

1118 268 1205 290 versa
1211 268 1280 290 rum
1290 257 1425 292 Barbara
1431 271 1466 292 ru
1472 271 1500 293 m
1509 261 1657 301 linguarn
1664 273 1693 295 m
1704 263 1865 304 idiomate,

1118 310 1226 344 incisis
1246 317 1276 344 et
1297 311 1459 345 fabricatis
1484 314 1594 346 adhoc
1611 315 1702 358 typis,
1717 316 1862 360 singulis,

1116 375 1197 408 quos
1222 364 1329 399 iuvare
1349 365 1545 406 studuimus,
1563 369 1703 401 externis
1722 371 1862 413 populis,

1116 417 1281 460 aptissime
1302 418 1453 462 congruis
1473 419 1571 462 (quod
1598 430 1734 464 operoso
1755 422 1864 456 labore

1116 472 1304 515 praestitum
1326 474 1384 516 cst)
1399 473 1636 516 linfa-imarum,
1659 475 1738 519 etin
1757 476 1863 510 lucem

1115 525 1254 558 edantur
1267 537 1274 565 j.
1288 526 1326 559 ad
1339 527 1412 566 hoc,
1436 532 1467 559 ut
1486 527 1529 559 sic
1544 526 1699 571 impressa
1719 534 1750 561 et
1765 529 1860 571 edita,

1114 578 1153 611 ad
1182 579 1421 613 haereticorum
1451 580 1693 621 confusionem,
1715 582 1864 616 omnibus

1114 633 1239 666 mendis
1260 639 1291 666 et
1311 633 1678 677 erroribusexpurgata,
1699 645 1876 680 puraeque‘

1113 686 1254 720 veritatis
1278 687 1383 720 nitore
1416 686 1579 727 micantia,
1604 687 1634 720 in
1655 688 1760 721 lucem
1785 699 1862 732 pro-

1114 740 1258 779 deuntia,
1282 751 1347 773 uno
1375 745 1405 773 et
1422 740 1534 773 eodem
1552 746 1708 784 tompore,
1732 741 1861 776 illorum

1111 794 1248 827 latentes
1272 794 1416 827 maculas
1445 800 1475 827 et
1498 795 1630 837 laqueos
1655 795 1858 838 patefaciant,

1111 853 1141 879 et
1161 858 1218 891 per
1234 848 1373 881 diversas
1394 847 1542 890 regiones
1568 858 1626 891 per
1650 858 1764 881 manns
1789 849 1860 892 pio-

1110 911 1182 933 rum
1213 901 1454 944 religiosorum,
1477 912 1514 934 eo
1546 901 1679 934 ferventi
1704 901 1859 935 charitate

1110 954 1399 998 peregrinantium,
1423 955 1702 996 circuml'erantur,
1716 955 1859 989 dissemi-

1108 1013 1227 1041 nentur
1251 1014 1282 1041 et
1299 1008 1554 1048 distrilmantur;
1581 1008 1708 1052 illisque
1724 1008 1769 1042 sie
1787 1009 1858 1042 ubi-

1108 1071 1169 1104 que
1190 1061 1326 1102 diffusis,
1349 1062 1447 1094 odore
1462 1061 1608 1094 coelestis
1620 1061 1784 1095 (leoninae
1803 1073 1856 1095 ex-

1107 1114 1207 1155 citati,
1235 1114 1267 1147 in
1296 1125 1422 1148 errores
1451 1120 1481 1147 et
1513 1115 1661 1158 obliquas
1689 1114 1858 1158 opiniones

1107 1168 1249 1212 prolapsi
1287 1168 1471 1212 erigamur,
1503 1168 1565 1201 tide
1596 1168 1714 1201 infirmi
1741 1179 1856 1202 sanen-

1107 1228 1179 1263 tur,
1221 1223 1450 1256 imbecilliores
1493 1222 1727 1256 confirmentur
1743 1249 1751 1264 ‚
1799 1233 1855 1255 ru-

1106 1277 1160 1310 des
1181 1276 1377 1317 imbuantur,
1409 1282 1438 1310 et
1459 1276 1490 1309 in
1516 1277 1656 1310 tenebris
1684 1277 1855 1310 ambulan-

1105 1335 1161 1371 teS,
1188 1331 1227 1363 ad
1256 1330 1397 1364 veritatis
1426 1330 1554 1363 semitas
1588 1329 1788 1374 arripiendas
1819 1330 1856 1363 il—

1106 1383 1317 1425 luminentur,
1334 1394 1370 1417 ac
1386 1383 1524 1426 denique
1545 1394 1657 1417 omnes
1668 1389 1853 1417 sanctorum

1105 1437 1253 1471 doctrina
1277 1444 1307 1471 et
1327 1437 1480 1482 exemplis
1512 1448 1639 1471 sursum
1667 1437 1753 1479 elati,
1775 1437 1854 1482 quid

1104 1502 1176 1524 vere
1205 1491 1266 1524 sibi
1299 1491 1501 1535 sequendum
1537 1490 1652 1535 quidve
1686 1491 1853 1525 vitandum

1103 1545 1143 1577 sit.
1160 1551 1382 1588 agnoscentes,
1405 1545 1586 1578 animarum
1608 1555 1739 1578 suarum
1757 1544 1853 1579 saluti

1103 1599 1250 1633 securius
1266 1600 1435 1633 consulere
1453 1599 1585 1642 possint.

1147 1653 1161 1696 ξ
1181 1651 1213 1686 2.
1239 1653 1398 1692 Quocirca
1423 1652 1593 1696 negocium
1614 1652 1851 1694 huiuscemodi,
1891 1669 1912 1691 Ei
1932 1671 2027 1698 μη..

1864 1701 2006 1754 mum
2022 1710 2025 1717 ’

1102 1706 1264 1740 Ecclesiae
1283 1706 1338 1740 Dei
1359 1706 1472 1749 ingens
1499 1706 1597 1740 decus
1617 1711 1647 1739 et
1672 1705 1852 1740 ineremen—

1103 1766 1169 1793 tum
1192 1760 1328 1794 mirifice
1348 1759 1496 1800 afferens,
1524 1759 1674 1792 alacriter
1701 1759 1849 1804 amplexi,

1101 1814 1226 1848 delecto
1247 1814 1287 1847 ad
1303 1814 1365 1847 hoe
1385 1819 1416 1847 et
1433 1819 1545 1847 vocato
1566 1813 1684 1847 dilecto
1701 1813 1768 1846 filio
1786 1813 1849 1847 Do-

1102 1867 1222 1900 minieo
1234 1868 1312 1901 Basa
1330 1867 1463 1908 Veneto,
1492 1867 1582 1900 valde
1603 1866 1707 1911 perito
1730 1871 1760 1900 ct
1776 1867 1848 1910 plu-

1102 1920 1219 1953 rImum
1242 1921 1273 1953 in
1286 1920 1416 1966 opificio
1438 1919 1625 1953 huiusmodi
1636 1925 1772 1962 versato,
1794 1931 1851 1953 cu-

1101 1974 1149 2007 ius
1187 1975 1265 2008 fides
1295 1979 1325 2007 et
1343 1973 1508 2017 integritas
1528 1973 1619 2006 nobis
1636 1973 1698 2006 iam
1724 1973 1848 2017 pridem

1101 2033 1269 2071 perspecta
1299 2038 1336 2061 ac
1366 2027 1500 2071 probata
1529 2026 1599 2066 snit,
1631 2026 1742 2069 illique
1771 2037 1849 2060 cura

1101 2081 1248 2114 officinae
1276 2081 1459 2125 praedictae
1496 2086 1624 2124 totaque
1644 2091 1770 2113 summa
1790 2080 1849 2114 hu-

1101 2135 1238 2167 iusmodi
1259 2135 1304 2167 rei
1326 2134 1496 2168 commissa
1531 2140 1561 2167 et
1586 2134 1776 2167 demandata
1794 2145 1847 2167 ex-

1100 2188 1174 2228 titit,
1207 2193 1303 2232 prout
1326 2187 1412 2221 illam
1441 2188 1469 2221 ei
1500 2188 1593 2221 etiam
1621 2187 1736 2220 harum
1766 2187 1847 2221 serie

1100 2241 1329 2275 committimus
1354 2247 1384 2275 et
1417 2241 1661 2281 demandamus,
1688 2247 1719 2274 et
1753 2252 1789 2274 ex
1809 2251 1847 2274 eo

1099 2295 1173 2339 quia
1186 2306 1243 2328 nos
1254 2296 1307 2328 illa
1320 2296 1494 2339 praemissa
1510 2293 1737 2334 concessimus,
1750 2299 1847 2338 prout

311 2352 434 2389 patrum
458 2348 656 2388 traditiones,
678 2348 771 2389 vitae,
793 2355 880 2391 gesta
903 2355 933 2381 et
960 2349 1056 2381 mira-
1099 2354 1209 2381 tenore
1248 2348 1466 2392 praesentium
1505 2348 1731 2389 concedimus,
1771 2358 1844 2380 cum

311 2396 392 2435 vida,
414 2408 448 2429 ac
467 2408 565 2440 purae
583 2397 748 2430 doctrinae
769 2397 963 2431 christianae
978 2398 1057 2441 (log-

312 2450 391 2477 mata
407 2451 434 2478 et
457 2446 516 2478 alia
537 2457 625 2478 sacra
646 2457 756 2490 opera,
772 2457 836 2479 non
853 2447 948 2479 modo
961 2447 1057 2480 latine

312 2500 336 2524 rt
366 2495 479 2534 i'aliee,
514 2507 622 2528 verum
652 2495 767 2536 etiam,
789 2496 829 2528 ad
849 2506 1055 2529 communem

311 2551 498 2575 fumun-mn
540 2545 732 2587 populorum
768 2544 1057 2588 universarumque

310 2600 478 2625 iis-tionum
500 2593 762 2627 commoditatem
783 2599 814 2627 et
836 2594 984 2636 salutem,
1007 2594 1056 2627 di-

1099 2397 1250 2430 omnibus
1281 2397 1471 2437 honoribus,
1506 2397 1670 2436 oneribus,
1707 2396 1843 2436 iuribus,

1100 2446 1198 2480 lucris
1218 2452 1248 2480 et
1268 2447 1495 2480 emolumentis
1514 2446 1587 2479 inde
1601 2445 1846 2489 quomodolibet

1098 2496 1312 2539 proventuris,
1344 2506 1400 2530 seu
1435 2506 1518 2540 quae
1551 2495 1719 2540 provenire
1753 2502 1844 2537 posse

1098 2551 1278 2589 sperantur.

1141 2595 1156 2638 g
1176 2593 1208 2628 3.
1232 2594 1268 2628 Et
1288 2594 1363 2638 quia
1383 2593 1476 2627 etiam
1509 2593 1612 2627 eidem
1640 2590 1843 2636 suppeditare

1839 238 1844 244 ,
1879 201 2031 243 Aruer-1¹
2058 248 2059 251 Ἰ

1936 3127 1988 3228 *⁴⁹4
1966 3111 1976 3118 v
1961 2984 1985 3100 -sgqcu
