2059 3228
37 258 103 291 itm
717 264 894 290 canoonms
910 263 968 289 xm
983 263 1034 288 pv.
1524 258 1589 293 195
1641 261 1693 288 An.
1711 260 1740 288 c.
1760 261 1829 290 1577

117 321 208 356 nobis
231 325 261 355 et
283 320 384 354 dictae
408 320 478 354 Sedi
514 320 669 354 subiectos
698 320 730 353 in
771 319 971 363 dictis1vitae
1005 329 1097 352 usum
1140 325 1169 353 et
1207 322 1467 357 sustentationem
1503 333 1632 356 concer-

119 372 230 407 litteris
252 373 346 406 fuisse
363 373 616 416 comprehensos,
634 383 748 417 easque
766 373 859 406 etiam
890 376 980 410 nunt,
1006 370 1039 402 in
1064 371 1151 404 Statu
1176 379 1283 406 nostro
1312 375 1524 408 Ecclesiastico
1541 402 1549 416 ,
1574 375 1630 408 lio-

121 424 159 459 ad
182 425 240 458 hoc
262 424 378 458 validas
401 430 430 457 et
455 426 595 459 efficaces
618 426 723 466 fuisse,
747 436 813 458 esse
832 430 862 458 et
891 428 979 456 nesto
1004 424 1106 467 pretio
1131 424 1318 467 habeantur,
1344 427 1484 471 vestigiis
1501 437 1628 471 quoque

121 477 195 517 sore;
218 488 254 510 ac
277 477 355 517 illos,
378 478 431 520 qui
457 483 525 521 post
541 488 649 511 earum
667 478 771 510 datam
786 477 862 509 hac·
890 476 986 508 seticis
1011 477 1240 510 recordationis
1264 479 1308 510 Pii
1335 480 1436 523 Papae
1454 480 1486 521 V,
1500 480 1631 523 praede-

120 534 210 563 tenus
232 529 465 572 quomodolibet
488 531 533 562 cis
571 534 834 562 contravenerunt
854 555 861 568 ,
890 530 1021 562 cessoris
1046 530 1155 570 nostri,
1181 530 1392 565 inhaerentes.

119 587 150 615 et
171 591 207 614 ex
229 591 312 614 nunc
329 581 514 614 infuturum
532 581 778 621 contravenient,
796 591 861 623 poe-
934 582 948 625 ξ
972 582 1001 614 1.
1026 582 1109 614 Motu
1133 583 1262 626 proprio
1286 589 1315 616 ct
1338 595 1373 617 ex
1397 590 1480 618 certa
1498 585 1632 618 scientia
1670 590 1835 611 Profflbffloe»

118 644 174 667 nas
195 633 368 677 praedictas
393 634 563 667 incurrisse
585 639 614 667 et
640 634 803 667 incurrere
830 633 862 665 in
892 627 1008 675 nostra,
1034 635 1182 668 omnibus
1206 642 1234 668 et
1261 636 1391 679 singulis
1424 616 1836 671 (somniunita-ifx'effi'de'ze.‘m'

117 685 261 719 omnibus
285 690 315 719 et
340 697 395 729 per
418 686 534 726 onmia,
559 686 692 729 perinde
719 696 755 718 ac
779 685 804 718 si
831 685 862 716 in
893 687 1000 727 tibus,
1026 689 1284 721 universitatibus
1323 700 1359 722 ac
1382 691 1544 732 personis,
1570 695 1634 724 tam

118 737 232 771 eisdem
256 738 368 771 litteris
392 738 429 771 de
454 738 587 771 mediate
625 743 653 770 et
680 737 864 770 immediate
893 740 979 772 laicis
1004 751 1098 783 quam
1122 741 1350 782 ecclesiasticis,
1374 742 1468 775 etiam
1486 754 1636 786 quorum-

119 789 265 823 subiectis
288 791 429 834 specialis
447 818 454 832 ‚
494 790 638 834 specifica
663 795 692 824 et
718 801 864 834 expressa
894 792 939 825 vis
961 792 1115 825 Ordinum
1141 793 1350 836 regularibus,
1366 794 1504 826 cuiusvis
1529 800 1638 836 status,

120 842 236 876 mentio
260 843 340 876 sacta
362 843 478 876 suisset.
512 844 627 886 Sicque
652 844 692 876 ab
716 843 865 876 omnibus
894 846 1083 879 conditionis
1118 852 1146 879 et
1171 846 1293 879 ordinis
1331 846 1498 879 existentes
1516 874 1524 887 ,
1542 847 1638 879 etiam

119 896 238 929 censeri
258 901 287 929 et
305 895 436 929 iudicari
454 896 578 936 debere;
596 906 718 929 necnon
737 895 864 928 irritum
896 899 1156 943 archiepiscopali
1182 904 1209 932 et
1236 899 1405 942 episcopali
1430 900 1477 932 vel
1501 899 1560 931 alia
1574 909 1639 931 ma-

120 953 149 982 et
174 948 267 982 inane
291 948 441 992 quicquid
464 959 553 982 secus
578 959 739 992 quoquam
757 975 764 988 ,
790 958 866 991 qua—
896 951 954 984 iori
980 952 1133 995 dignitate
1157 952 1348 994 fulgentibus
1366 979 1373 993 ,
1405 963 1441 984 ac
1466 952 1560 984 etiam
1586 952 1641 985 ba-

121 1001 167 1034 vis
189 1002 384 1042 auctoritate,
409 1001 544 1035 scienter
566 1002 614 1034 vel
652 1001 866 1044 ignoranter,
897 1004 1036 1045 ronibus,
1061 1005 1234 1037 domicellis
1258 1010 1288 1038 et
1311 1005 1449 1037 dominis
1485 1009 1641 1048 tempora-

123 1055 290 1098 contigerit
313 1055 473 1088 attentari.
898 1057 979 1091 libus
997 1058 1100 1091 Status
1115 1058 1216 1102 nostri
1230 1057 1436 1091 Ecclesiastici
1455 1067 1491 1090 ac
1510 1057 1642 1090 Sanctae

167 1108 182 1152 ἓ
205 1107 235 1141 2.
258 1109 326 1141 Non
342 1108 540 1141 obstantibus
558 1108 717 1149 omnibUS,
737 1118 817 1151 quae
835 1108 868 1140 in
899 1110 969 1143 Sedi
994 1111 1187 1154 Apostolicae
1212 1110 1395 1142 immediate
1418 1109 1580 1150 subiectis,
1606 1110 1641 1142 in

31 1160 217 1201 ...ιμὶίοῐὶε
240 1160 352 1194 litteris
376 1161 531 1194 voluimus
555 1171 618 1193 non
635 1161 771 1202 obstare,
789 1166 870 1194 cete·
900 1163 1013 1196 virtute
1037 1168 1162 1196 sanctae
1187 1163 1386 1196 obedientiae
1409 1167 1438 1195 et
1475 1163 1534 1196 sub
1559 1163 1643 1195 indi-

129 1213 234 1257 risque
258 1213 426 1246 contrariis
451 1214 716 1257 quibuscumque.
756 1221 758 1224 ’
901 1216 1060 1258 gnationis
1083 1221 1208 1248 nostrae
1246 1227 1282 1248 ac
1308 1216 1646 1249 excommunicationis

173 1269 188 1312 ἓ
210 1268 240 1302 3.
265 1268 413 1300 Volumus
436 1267 530 1300 etiam
548 1268 632 1310 quod
656 1266 869 1310 praesentium
901 1269 981 1300 latae
1005 1268 1180 1301 sententiae
1203 1269 1312 1312 poenis
1330 1297 1337 1311 ,
1363 1275 1471 1302 tenore
1497 1279 1644 1312 praesen-

23 1348 26 1356 2
50 1320 346 1364 min-transumptis,
375 1331 472 1352 manu
510 1320 625 1353 notarii
662 1321 809 1353 Gamerae
834 1321 872 1353 Α-
903 1320 991 1361 tium,
1016 1320 1196 1353 inhibemus
1214 1331 1262 1361 ne,
1281 1322 1392 1365 quovis
1408 1323 1646 1365 p1·aetextu,di-

29 1378 35 1385 '
131 1375 298 1421 postolicae
322 1373 516 1417 subscriptis,
542 1378 569 1405 et
596 1373 698 1415 sigillo
724 1373 824 1406 nostri
844 1378 871 1406 et
904 1378 986 1406 recte
1012 1374 1059 1406 vel
1082 1374 1246 1413 indirecte,
1272 1375 1409 1408 cuiusvis
1434 1376 1559 1418 generis
1583 1376 1647 1409 sru-

132 1431 244 1463 sanotae
267 1427 426 1460 Romanae
450 1425 604 1458 Ecclesiae
621 1426 787 1458 camerarii
807 1437 874 1458 mu-
905 1432 1019 1467 menta,
1045 1427 1136 1460 blada
1160 1433 1188 1460 et
1208 1429 1367 1471 legumina
1385 1435 1478 1473 atque
1497 1431 1648 1463 animalia

133 1480 216 1522 uitis,
239 1480 331 1523 plena
354 1479 472 1521 ubique
497 1479 573 1510 sides
601 1478 813 1518 adhibeatur,
839 1489 874 1510 ac
905 1491 1121 1524 quaecumque
1146 1486 1231 1514 extra
1256 1482 1377 1515 Statum
1394 1483 1648 1516 Ecclesiasticum

135 1533 160 1567 si
183 1533 350 1576 originales
375 1531 496 1564 litterae
524 1531 757 1564 exhiberentur.
905 1533 1069 1566 extrahere
1092 1540 1121 1566 et
1148 1540 1310 1578 asportare
1335 1536 1469 1569 audeant
1488 1547 1542 1569 seu
1559 1547 1649 1579 prae-

174 1587 286 1620 Datum
311 1585 426 1618 Romae
451 1584 533 1627 apud
559 1584 707 1617 Sanctum
738 1585 875 1625 Petrum,
907 1592 1042 1620 sumant.
1066 1588 1125 1620 Eos
1149 1599 1221 1620 vero
1245 1588 1299 1631 qui
1335 1593 1445 1621 contra
1486 1588 1650 1622 inhibitio-

133 1640 191 1674 sub
214 1640 331 1672 annulo
355 1638 532 1678 piscatoris,
559 1637 608 1670 dic
632 1647 668 1670 111
702 1636 878 1669 decembris
908 1651 980 1672 nem
1016 1644 1154 1672 nostram
1199 1640 1380 1674 huiusmodi
1420 1642 1649 1682 commiserint,

135 1702 297 1733 nanxXH,
321 1691 524 1736 pontificatus
546 1691 644 1723 nostri
669 1700 752 1723 anno
777 1698 819 1722 xt.
909 1695 990 1726 ultra
1014 1693 1190 1737 praedictas
1208 1720 1216 1734 ,
1255 1694 1349 1727 etiam
1385 1694 1565 1727 amissionis
1589 1695 1654 1727 sru-

912 1752 1101 1787 mentorum,
1127 1746 1303 1787 bladorum,
1328 1747 1524 1790 leguminum
1541 1753 1572 1780 et
1587 1747 1654 1780 ani-

915 1799 1042 1831 malium
1059 1799 1415 1842 praesat01·um,necn0n
1429 1801 1570 1844 quinque
1587 1812 1655 1833 seu-

915 1858 1016 1886 torum
1042 1863 1098 1896 pro
1123 1853 1261 1896 qualibet
1286 1854 1382 1885 salma
1406 1853 1567 1894 frumenti,
1592 1853 1656 1885 hta-

915 1909 1026 1941 dorum
1051 1913 1081 1940 et
1105 1908 1302 1950 leguminum
1319 1908 1512 1948 huiusmodi,
1530 1912 1558 1940 et
1578 1907 1655 1939 duo-

915 1973 985 1994 rum
1009 1967 1171 1994 seutorum
1196 1971 1253 2003 pro
1285 1961 1425 2004 quolibet
1460 1960 1563 2003 capite
1588 1959 1656 1992 ani-

916 2015 1013 2055 malis,
1038 2024 1155 2057 poenas
1172 2041 1179 2054 ‚
1205 2014 1279 2046 tisco
1304 2019 1332 2046 et
1358 2014 1505 2046 Gamerae
1529 2017 1657 2045 nostrae

915 2067 1106 2112 Apostolieae
1131 2066 1343 2109 applicandas,
1362 2066 1430 2108 ipso
1447 2065 1527 2098 sacto
1552 2064 1659 2097 incur-

916 2131 984 2154 rere
1009 2119 1151 2152 volumus
1174 2129 1209 2150 ac
1241 2118 1452 2151 decernimus.

958 2172 1027 2216 §2
1052 2172 1236 2204 Mandantes
1275 2171 1396 2203 dilectis
1432 2170 1504 2203 siliis
1538 2171 1661 2215 Atoysio
1713 2177 1860 2225 &ffutogng

918 2226 999 2258 mua
1024 2225 1053 2258 s.
1078 2224 1172 2257 Mam
1198 2224 1379 2267 presbytero
1411 2223 1563 2256 <zm-dinan
1587 2207 1807 2256 001·-{¹51¹t3‡32.⁰⁸
1835 2209 1848 2224 ⁸

918 2278 999 2310 nelio
1023 2282 1214 2320 nuncupato,
1239 2282 1346 2308 nostro
1373 2280 1403 2307 et
1439 2275 1469 2307 S.
1493 2276 1528 2308 R.
1552 2276 1585 2308 E.
1609 2287 1660 2309 ca—

921 2331 1067 2371 merario,
1091 2340 1213 2363 necnon
1239 2329 1389 2371 magistro
1428 2329 1559 2362 Andreae
1590 2329 1659 2372 Spi-

922 2386 1019 2424 nolae,
1045 2384 1145 2416 dictae
1170 2383 1317 2415 Gamerae
1341 2382 1454 2414 clerico
1466 2388 1497 2415 et
1514 2393 1660 2417 annonae

922 2438 1103 2482 praesecto,
1128 2440 1282 2478 qumenus
1318 2434 1376 2478 ipsi
1401 2435 1603 2479 praecipuam
1629 2437 1661 2469 in

151 2498 286 2538 &regotlus
308 2500 377 2537 Papa
391 2501 450 2535 xttt,
466 2502 497 2529 ad
514 2505 664 2538 perpetuam
679 2502 715 2530 rei
733 2502 890 2530 memoriam.
923 2490 1101 2535 ΡΙἫΘΠῙῘΞΞῙ5
1139 2498 1247 2521 Curam
1283 2488 1433 2521 habemsss
1451 2515 1457 2528 ν
1483 2494 1662 2531 ΡῙἪθ-ἛΠῙΒΞ

924 2551 1046 2579 nostras
1069 2544 1188 2575 litteras
1213 2546 1239 2573 et
1266 2541 1298 2572 in
1331 2542 1376 2574 eis
1398 2547 1543 2575 contenta
1568 2553 1663 2586 quae-

3 2639 5 2643 ,
201 2605 340 2638 Volentes
364 2614 421 2647 pro
446 2608 551 2636 nostra
576 2602 722 2646 pastorali
749 2602 892 2635 sollicitu-
925 2609 1059 2642 cumque
1084 2597 1123 2629 ab
1147 2596 1294 2628 omnibus
1313 2623 1320 2636 ,
1345 2607 1422 2639 quos
1462 2597 1510 2629 illa
1536 2609 1664 2630 concer-

2 2654 5 2675 ²
45 2673 108 2694 hm,
160 2657 232 2690 dine
255 2657 417 2701 providere
442 2662 473 2689 ut
500 2666 560 2695 ea,
594 2666 673 2698 quae
697 2665 896 2689 communem
926 2659 1029 2693 nunt,
1055 2652 1188 2684 firmiter
1227 2649 1383 2683 observari
1425 2651 1662 2693 exetutionique

443 1833 568 1866 LXXVI.

138 1922 314 1956 Prohibitio
337 1921 524 1954 eoetrahencli
548 1922 584 1953 sle
609 1921 683 1953 locis
708 1921 814 1954 Status
827 1919 884 1951 Ec-

182 1974 344 2008 clesiastici
365 1974 517 2014 triticum,
535 1974 698 2015 hordeum,
713 1972 884 2015 loquatium

183 2028 340 2061 animalia
378 2031 404 2059 et
429 2027 530 2059 omnis
566 2026 688 2069 yeneris
727 2026 836 2067 fruyes
859 2028 884 2056 et

184 2079 356 2122 frumenta,
382 2079 477 2111 eliam
501 2089 538 2110 ρος
562 2079 649 2110 bonis
673 2077 885 2110 ecclesiasticis

185 2133 321 2170 collectim
345 2132 392 2164 vel
416 2132 608 2174 impediendi
643 2132 700 2163 illa
724 2131 886 2173 afferentes

188 2184 230 2217 ad
257 2184 377 2224 Urbem;
396 2188 451 2216 aut
468 2195 503 2216 ea
517 2184 649 2225 emendi,
663 2187 883 2227 praeterquam

185 2248 246 2280 pro
272 2247 330 2269 usn
369 2247 425 2269 suo
449 2247 644 2280 suarumque
681 2236 886 2278 fimziliarum

188 2291 287 2323 unius
311 2290 402 2328 anni,·
425 2300 545 2322 necnon
568 2289 722 2322 revocatio
745 2288 889 2321 licentia-

190 2353 265 2376 rum
288 2346 314 2374 et
343 2343 539 2374 indultorum
564 2341 769 2382 extrahendi,
795 2341 890 2373 etiam

191 2406 229 2429 ex
253 2405 349 2428 causa
372 2404 500 2426 onerosa
524 2405 747 2427 concessorum.
