2059 3228
49 214 162 252 0:158ss
837 216 938 240 siwrs
957 217 976 240 v
996 216 1042 239 rr.

175 270 236 304 fica
255 275 286 303 et
309 280 457 314 expressa
476 280 512 303 ac
537 270 575 302 (1(ἱ
597 270 693 301 verbo
718 269 756 301 ad
774 268 919 308 verbum,

174 332 239 357 non
259 328 364 356 autem
386 334 444 367 per
468 323 627 355 clausulas
651 322 817 364 generales
837 321 920 354 idem

1600 203 1658 238 7⁶24
1721 210 1774 239 An.
1791 210 1820 239 C.
1841 210 1910 239 1586

1005 268 1019 309 ἓ
1042 266 1074 299 ⁶2.
1097 266 1133 298 Et
1153 276 1226 299 cum
1247 266 1394 299 doctores
1414 272 1445 299 et
1464 267 1604 309 legentes
1616 275 1709 310 prae-
1752 272 1809 293 Mem
1829 273 1906 293 datium

962 319 1036 353 dicti
1057 319 1177 351 datium
1206 319 1309 362 ipsum
1335 320 1434 352 libere
1456 320 1623 364 perriperc
1644 302 1913 360 n01132⁸2¹12¹¹¹¹iiiiii¹2

47 1634 77 1662 lgm
96 1634 172 1656 anuum

43 1667 94 1688 emm
133 1667 173 1687 do-

43 1696 86 1718 ilm
118 1697 174 1718 mi-

47 1733 78 1750 nu
92 1728 118 1749 uh
133 1727 174 1749 Bu-

47 1763 60 1780 0
70 1756 160 1788 miv.

175 375 541 420 impoi‘tantOS,'mentio
562 387 616 408 seu
637 375 767 419 quaevis
787 374 850 407 alia
871 384 922 406 ex-

123 463 129 470 ,
175 428 294 473 quisita
314 430 417 462 forma
437 430 476 462 ad
496 430 557 462 hoc
575 429 727 462 servanda
748 429 840 467 soret,
856 427 923 459 illo-

174 493 248 516 rum
268 482 411 516 omnium
435 487 560 516 tenores
581 494 616 515 ae
641 482 665 514 si
692 483 731 515 de
758 480 855 513 verbo
884 479 922 512 ad

173 535 308 569 verbum
329 535 789 580 insererenturpraesentibus,
799 544 857 576 pro
868 544 921 565 ex-

175 588 294 633 pressis
309 589 668 629 habentes,auctoritate
678 587 856 631 praedicta,
871 597 921 619 ea-

175 643 324 676 rumdem
341 648 450 675 tenore
468 641 696 685 praesentium,
719 651 798 684 quas
812 650 924 683 perpe-

175 695 239 729 tuis
268 695 386 729 suturis
415 695 618 738 temporibus
650 694 754 727 valere
774 687 933 726 (lecerni-'

140 744 144 749 ’
175 759 261 790 mus,
282 749 465 793 specialiter
491 754 521 781 ct
544 758 690 791 expresse
721 748 922 789 derogamus,

177 801 356 846 ceterisque
377 801 547 835 contrariis
566 801 837 844 quibuscumque.

221 854 334 888 Datum
355 854 473 888 Romae
494 855 578 898 apud
597 854 628 886 S.
644 854 785 894 Petrum,
800 854 858 886 sub
870 863 926 886 an-

179 909 268 942 nullo
284 908 463 948 Piscatoris‚
474 908 524 941 die
536 918 565 941 ix
577 907 646 940 iulii
659 916 826 946 iioLxxxvi,
846 917 924 950 pon-

180 961 318 995 tificatus
337 962 438 995 nostri
459 972 544 995 anno
565 971 598 994 11.

237 1019 301 1050 Dat.
320 1019 397 1050 dieo
413 1020 477 1050 iulii
498 1020 585 1058 1586,
603 1019 708 1059 pontif.
725 1028 802 1049 anno
821 1027 853 1049 ιι.

523 1189 583 1222 LII.

963 377 1102 416 possent,
1126 372 1178 404 sed
1201 372 1314 405 salaria
1334 378 1364 405 et
1388 372 1710 421 solutionesvhuius-

964 425 1048 458 modi
1072 435 1128 469 per
1149 436 1261 458 manus
1282 426 1473 459 thesaurarii
1503 436 1558 458 seu
1584 425 1712 469 deposi-

964 478 1036 511 tarii
1057 483 1111 510 aut
1130 478 1236 511 forsan
1252 479 1388 512 aliorum
1410 479 1596 512 ol‘lieialium
1610 479 1714 512 dietae

964 531 1096 565 civitatis
1117 542 1182 564 non
1203 532 1340 575 integre,
1364 538 1398 565 ut
1418 532 1566 572 decebat,
1588 532 1714 576 recipe-

966 591 1046 625 rent,
1070 584 1141 628 piae
1163 585 1337 618 memoriae
1358 586 1460 618 Iulius
1478 586 1562 629 Papa
1581 586 1618 626 ll,
1632 586 1715 618 litte-

964 649 1072 671 rarum
1100 638 1195 671 Marci
1232 639 1373 682 episcopi
1402 644 1432 672 et
1458 639 1591 681 Eugenii
1623 649 1714 683 prae-

964 692 1140 725 decessoris
1171 692 1356 725 huiusmodi
1387 698 1541 732 tenorem,
1568 703 1605 725 ac
1639 692 1714 725 dicti

964 745 1040 777 datii
1062 745 1310 789 assignationem
1330 745 1526 789 approbans,
1549 745 1648 778 voluit
1668 750 1713 786 ut,

964 798 1083 842 absque
1103 798 1343 831 subhastatione
1351 804 1405 831 aut
1418 798 1479 831 alia
1490 798 1649 831 solutione
1659 808 1714 830 seu

965 863 1062 886 onere
1090 852 1362 893 subhastationis‚
1385 852 1505 885 dictum
1530 852 1651 885 datium
1676 851 1715 884 ad

966 907 1113 940 doctores
1133 912 1163 940 et
1183 907 1323 950 legentes
1338 907 1518 950 praedictos
1527 905 1713 949 pertineretg

967 971 1003 993 ac
1022 960 1110 1003 quod
1134 960 1267 1003 singulis
1288 960 1379 993 annis
1399 960 1463 992 duo
1486 959 1633 991 doctores
1652 958 1717 991 col-

967 1013 1074 1056 legiati
1092 1013 1171 1046 iuris
1191 1014 1351 1053 eanonIci,
1371 1019 1403 1046 et
1422 1014 1485 1046 duo
1504 1012 1583 1045 iuris
1601 1011 1713 1051 civilis,

967 1078 1003 1101 ac
1015 1068 1080 1100 duo
1096 1068 1212 1101 artium
1225 1073 1256 1101 et
1270 1067 1463 1107 medicinae,
1486 1066 1577 1099 electi
1592 1076 1650 1110 per
1661 1065 1716 1098 do-

969 1127 1072 1154 ctores
1092 1122 1289 1164 collegiatos,
1312 1127 1343 1154 et
1360 1120 1541 1154 confirmati
1560 1131 1617 1163 per
1630 1120 1716 1162 lega-

968 1180 1036 1208 tum
1066 1186 1121 1208 seu
1153 1175 1402 1218 gubernatorem
1437 1174 1540 1207 dietae
1569 1173 1715 1213 civitatis,

970 1228 1098 1262 licentia
1124 1228 1289 1271 regiminis
1314 1228 1447 1261 minime
1476 1226 1646 1271 requisita,
1666 1226 1719 1259 da-

132 1288 135 1292 '
183 1265 389 1311 G⁰nft⁷⁴mat²⁰
425 1266 674 1309 privileffwrum
704 1265 866 1298 d⁰⁶l⁰r²³m
901 1268 929 1298 αἱ
948 1268 951 1308 i
971 1282 1049 1315 tium
1080 1293 1136 1315 seu
1165 1282 1323 1325 gabellam
1356 1280 1543 1314 huiusmodi
1578 1285 1608 1313 et
1632 1280 1719 1312 illius

225 1321 399 1364 leqentium
440 1320 668 1352 Universitalis
701 1313 951 1361 Bononiensisff

225 1384 264 1407 ac
279 1374 473 1417 praesertim
492 1372 722 1416 applicationis
742 1373 827 1405 dcclii
845 1382 930 1405 mer-

226 1427 313 1461 cium
332 1426 359 1460 ¹.

228 1507 322 1537 Sixtus
331 1507 402 1543 Papa
410 1507 441 1540 V,
456 1507 490 1535 ad
497 1507 657 1542 perpetuam
671 1507 711 1536 rei
721 1506 888 1535 memoriam.

231 1579 246 1623 ἓ
275 1579 306 1612 1.
328 1579 516 1623 Expositum
546 1580 639 1612 nobis
664 1589 769 1622 nuper
788 1579 848 1611 fuit
875 1588 933 1622 pro

187 1638 278 1677 parte
298 1633 488 1666 dilectorum
514 1633 655 1666 tiliorum
677 1634 846 1666 doctorum
867 1633 934 1665 col-

187 1685 396 1729 legiatorum,
427 1691 491 1719 tam
520 1686 552 1718 in
579 1686 717 1719 decretis
751 1691 781 1718 et
811 1686 936 1728 legibus

188 1750 284 1784 quam
305 1739 428 1773 artibus
448 1746 479 1773 et
495 1740 656 1773 medicina
672 1740 704 1773 in
724 1740 936 1773 Universitate

189 1793 291 1827 Studii
303 1793 525 1832 Bononiensis,
537 1794 624 1835 quod
641 1794 763 1826 dudum
775 1793 877 1826 felicis
888 1805 937 1826 re-

190 1846 386 1880 cordationis
404 1847 566 1890 Eugenius⁴
587 1848 671 1891 l'apa
686 1848 733 1887 IV,
747 1847 937 1890 praedeces-

190 1910 245 1934 sor
255 1905 375 1940 noster,
386 1900 509 1933 litteras
523 1900 627 1933 bonae
648 1900 822 1933 memoriae
843 1900 939 1933 Marci

191 1959 269 1986 tunc
281 1953 423 1998 episcopi
434 1953 665 1994 Aviuionensis,
688 1953 720 1986 in
738 1953 864 1986 civitate
884 1964 941 1986 no-

192 2011 258 2040 stra
280 2006 473 2040 Bononiensi
506 2017 565 2051 pro
591 2007 672 2040 Sede
702 2007 884 2050 Apostolica
909 2008 941 2040 in

193 2058 416 2104 spiritualibus
426 2066 457 2092 et
464 2065 526 2092 tem
532 2060 619 2104 poral
626 2060 696 2093 ibus
705 2060 941 2103 gubernatoris,

194 2122 254 2156 per
271 2122 352 2155 quas
369 2112 437 2156 ipse
457 2113 580 2147 Marcus
600 2113 772 2157 episcopus
785 2119 814 2147 et
827 2114 943 2158 guber-

195 2169 289 2199 nator
316 2171 394 2199 tunc
413 2172 445 2200 et
471 2177 530 2210 pro
556 2172 702 2211 tempore
737 2167 944 2201 existentibus

197 2219 380 2254 rectoribus
407 2226 439 2253 et
461 2220 640 2263 legentibus
664 2220 860 2261 huiusmodi,
886 2231 944 2264 pro

198 2281 332 2306 suorum
352 2272 544 2306 salariorum
564 2273 736 2313 solutione,
749 2274 871 2306 datium
891 2285 945 2317 ga-

198 2325 302 2360 bellae
330 2337 457 2369 grossae
478 2327 728 2360 mercantiarum
749 2328 853 2360 dictae
874 2327 948 2360 civi-

200 2379 285 2420 tatis,
307 2390 381 2412 cum
402 2379 552 2413 omnibus
572 2381 796 2414 emolumentis
819 2381 895 2422 suis,
915 2392 947 2414 o-

201 2432 376 2475 bligaverat
395 2438 426 2466 et
448 2432 671 2474 assignarent,
694 2433 892 2477 approbavit,
919 2441 950 2468 et

204 2484 324 2518 datium
354 2485 459 2528 ipsum
493 2485 680 2519 doctoribus
713 2491 743 2520 et
771 2487 950 2529 legentibus

205 2537 377 2582 praedietis
395 2539 433 2571 de
454 2548 536 2571 novo
555 2544 712 2583 perpetuo
736 2540 903 2573 concessit.

243 2604 255 2631 1
277 2603 319 2631 Ex
338 2604 448 2639 Regest.
465 2604 493 2630 in
509 2604 613 2632 Secret.
632 2604 770 2633 Breviurn.

284 2644 359 2675 Bau.
381 2643 460 2674 Rom.
488 2644 542 2674 Vol.
560 2644 631 2674 vm.
836 2645 869 2674 91

972 1335 1126 1376 redditus,
1146 1347 1203 1380 per
1223 1346 1255 1368 se
1276 1336 1324 1369 vel
1340 1335 1420 1368 alios
1440 1335 1478 1368 ab
1499 1335 1544 1368 eis
1563 1335 1719 1377 deputan-

971 1390 1041 1429 dos,
1059 1400 1075 1422 a
1095 1389 1356 1432 quibuscumque
1385 1388 1532 1432 personis
1552 1393 1662 1431 petere
1689 1392 1720 1419 et

973 1443 1111 1485 exigere,
1122 1454 1158 1476 ae
1166 1443 1397 1487 depositarium
1414 1442 1599 1476 reddituum
1611 1441 1721 1474 huius-

974 1496 1059 1530 modi
1080 1497 1236 1540 deputare
1260 1503 1408 1540 possent,
1438 1508 1491 1538 ac,
1514 1496 1572 1529 sub
1593 1505 1721 1528 excom-

974 1550 1203 1583 municationis
1222 1551 1304 1583 latae
1325 1550 1498 1583 sententiae
1520 1560 1635 1593 poena,
1652 1548 1722 1593 qui—

974 1604 1080 1637 busvis
1099 1604 1244 1648 personis
1264 1604 1401 1637 inhibuit
1422 1615 1462 1637 ne
1482 1603 1514 1636 in
1531 1604 1653 1646 gabella
1667 1613 1723 1636 seu

976 1658 1063 1690 illius
1086 1658 1264 1691 redditibus
1300 1657 1530 1701 quoquomodo
1568 1668 1601 1690 se
1621 1657 1723 1689 intro-

977 1711 1102 1745 mittere
1123 1718 1379 1756 praesumerent;
1401 1718 1432 1745 et
1448 1710 1562 1744 deinde
1582 1711 1724 1744 recolen-

978 1764 1036 1797 dae
1057 1766 1232 1798 memoriae
1260 1766 1322 1798 Leo
1346 1765 1384 1805 X,
1411 1764 1587 1809 praemissa
1615 1763 1724 1796 onmia

978 1819 1172 1862 approbans,
1195 1820 1289 1851 etiam
1309 1818 1407 1851 voluit
1431 1818 1518 1861 quod
1537 1817 1652 1850 electio
1673 1826 1726 1849 sex

979 1873 1183 1916 syndicorum
1210 1872 1280 1905 fieri
1300 1871 1432 1905 deberet
1455 1871 1627 1915 quotannis
1650 1881 1725 1914 per·

979 1931 1077 1970 petuo
1109 1932 1179 1970 post
1209 1926 1367 1958 decimam
1395 1925 1539 1968 quintam
1560 1924 1646 1957 diem
1671 1923 1727 1957 de-

981 1979 1119 2013 cembris
1138 1984 1212 2012 ante
1228 1979 1343 2012 festum
1354 1978 1524 2012 nativitatis
1536 1976 1662 2010 Domini
1673 1986 1728 2009 no-

981 2033 1036 2066 stri
1058 2034 1127 2067 lesu
1147 2032 1283 2073 Christi,
1310 2043 1346 2065 ac
1366 2033 1454 2065 eleeh
1469 2043 1520 2065 sz
1536 2030 1628 2075 prius
1647 2030 1730 2062 iura—

983 2092 1051 2120 rent
1074 2087 1106 2119 in
1126 2086 1275 2119 manibus
1294 2085 1412 2129 prioris
1432 2086 1592 2118 dictorum
1618 2083 1729 2117 docto-

983 2140 1195 2183 rum3etquod
1209 2150 1273 2173 non
1284 2147 1390 2183 posset
1402 2138 1474 2181 eligi
1490 2138 1545 2182 qui
1566 2148 1631 2171 non
1652 2137 1730 2170 suis-

985 2200 1031 2227 set
1051 2193 1274 2226 matriculatus
1294 2194 1325 2224 in
1346 2192 1430 2225 dicto
1447 2191 1582 2234 collegio
1602 2201 1661 2234 per
1675 2191 1731 2224 de-

986 2262 1055 2285 cem
1077 2261 1178 2284 annos
1195 2251 1233 2283 ad
1246 2250 1352 2283 minus
1364 2261 1371 2290 ;
1384 2250 1534 2293 quodque
1551 2249 1584 2282 in
1599 2249 1668 2293 ipso
1684 2260 1733 2282 re-

987 2309 1106 2353 gimine
1126 2309 1269 2353 gabellae
1288 2309 1395 2341 nullos
1419 2308 1499 2341 alios
1529 2307 1734 2351 magistratus

989 2368 1092 2401 dictae
1112 2366 1246 2401 civitatis
1266 2371 1476 2409 agnoscerent
1492 2371 1547 2399 aut
1563 2365 1608 2399 eis
1621 2375 1734 2410 parere

990 2431 1188 2466 tenerentur,
1205 2425 1261 2459 sed
1281 2426 1385 2458 solum
1405 2425 1585 2458 Romanum
1605 2424 1736 2457 Pontifi-

990 2495 1070 2524 cem,
1082 2482 1332 2526 praemissorum
1345 2482 1525 2524 occasione,
1540 2482 1572 2515 in
1591 2482 1737 2527 superio-

991 2551 1057 2574 rem
1076 2546 1305 2583 agnoscerent;
1324 2539 1527 2584 inhibuitque
1544 2539 1736 2584 magistrati-

992 2598 1051 2632 bus
1070 2597 1172 2632 dictae
1193 2597 1326 2631 civitatis
1346 2607 1385 2631 ne
1406 2597 1438 2630 in
1458 2597 1543 2631 datio
1568 2608 1624 2632 seu
1651 2597 1736 2632 illius

1726 366 1813 388 addixit.
