<?xml version="1.0" encoding="UTF-8"?>
<!DOCTYPE html PUBLIC "-//W3C//DTD XHTML 1.0 Transitional//EN"
    "http://www.w3.org/TR/xhtml1/DTD/xhtml1-transitional.dtd">
<html xmlns="http://www.w3.org/1999/xhtml" xml:lang="en" lang="en">
 <head>
  <title>
</title>
<meta http-equiv="Content-Type" content="text/html;charset=utf-8" />
  <meta name='ocr-system' content='tesseract 3.04.00' />
  <meta name='ocr-capabilities' content='ocr_page ocr_carea ocr_par ocr_line ocrx_word'/>
</head>
<body>
  <div class='ocr_page' id='page_1' title='image "./bullarumdiplomat08cath_0480.png"; bbox 0 0 2059 3228; ppageno 0'>
   <div class='ocr_carea' id='block_1_1' title="bbox 103 200 412 239">
    <p class='ocr_par' dir='ltr' id='par_1_1' title="bbox 103 200 412 239">
     <span class='ocr_line' id='line_1_1' title="bbox 103 200 412 239; baseline -0.013 -2"><span class='ocrx_word' id='word_1_1' title='bbox 103 209 159 237; x_wconf 71' lang='lat' dir='ltr'>u.</span> <span class='ocrx_word' id='word_1_2' title='bbox 175 209 203 237; x_wconf 84' lang='lat' dir='ltr'>c.</span> <span class='ocrx_word' id='word_1_3' title='bbox 222 210 289 239; x_wconf 61' lang='lat'>¹584</span> <span class='ocrx_word' id='word_1_4' title='bbox 315 207 320 212; x_wconf 92' lang='grc'><em>·</em></span> <span class='ocrx_word' id='word_1_5' title='bbox 347 200 412 234; x_wconf 74' lang='grc'>464</span> 
     </span>
    </p>
   </div>
   <div class='ocr_carea' id='block_1_2' title="bbox 102 700 288 789">
    <p class='ocr_par' dir='ltr' id='par_1_2' title="bbox 102 700 288 789">
     <span class='ocr_line' id='line_1_2' title="bbox 130 700 286 722; baseline -0.006 0"><span class='ocrx_word' id='word_1_6' title='bbox 130 701 241 722; x_wconf 73' lang='lat' dir='ltr'>flubiorum</span> <span class='ocrx_word' id='word_1_7' title='bbox 252 700 286 721; x_wconf 85' lang='lat' dir='ltr'>de-</span> 
     </span>
     <span class='ocr_line' id='line_1_3' title="bbox 102 732 288 753; baseline 0.005 -1"><span class='ocrx_word' id='word_1_8' title='bbox 102 732 242 753; x_wconf 77' lang='lat' dir='ltr'>clarationem</span> <span class='ocrx_word' id='word_1_9' title='bbox 253 736 288 753; x_wconf 75' lang='lat' dir='ltr'>re-</span> 
     </span>
     <span class='ocr_line' id='line_1_4' title="bbox 102 765 285 789; baseline 0 -6"><span class='ocrx_word' id='word_1_10' title='bbox 102 765 174 783; x_wconf 71' lang='lat' dir='ltr'>servat</span> <span class='ocrx_word' id='word_1_11' title='bbox 194 767 285 789; x_wconf 76' lang='lat' dir='ltr'>praepo-</span> 
     </span>
    </p>
   </div>
   <div class='ocr_carea' id='block_1_3' title="bbox 101 793 153 820">
    <p class='ocr_par' dir='ltr' id='par_1_3' title="bbox 101 793 153 820">
     <span class='ocr_line' id='line_1_5' title="bbox 101 793 153 820; baseline 0 -6"><span class='ocrx_word' id='word_1_12' title='bbox 101 793 153 820; x_wconf 80' lang='lat' dir='ltr'>sito;</span> 
     </span>
    </p>
   </div>
   <div class='ocr_carea' id='block_1_4' title="bbox 126 962 285 990">
    <p class='ocr_par' dir='ltr' id='par_1_4' title="bbox 126 962 285 990">
     <span class='ocr_line' id='line_1_6' title="bbox 126 962 285 990; baseline 0 -6"><span class='ocrx_word' id='word_1_13' title='bbox 126 962 152 984; x_wconf 73' lang='lat'>132</span> <span class='ocrx_word' id='word_1_14' title='bbox 168 963 198 983; x_wconf 68' lang='lat' dir='ltr'>ita</span> <span class='ocrx_word' id='word_1_15' title='bbox 208 962 285 990; x_wconf 77' lang='lat' dir='ltr'>ubique</span> 
     </span>
    </p>
   </div>
   <div class='ocr_carea' id='block_1_5' title="bbox 101 994 287 1015">
    <p class='ocr_par' dir='ltr' id='par_1_5' title="bbox 101 994 287 1015">
     <span class='ocr_line' id='line_1_7' title="bbox 101 994 287 1015; baseline 0 0"><span class='ocrx_word' id='word_1_16' title='bbox 101 994 194 1015; x_wconf 72' lang='lat' dir='ltr'>iudicari</span> <span class='ocrx_word' id='word_1_17' title='bbox 229 1000 287 1015; x_wconf 75' lang='lat' dir='ltr'>man·</span> 
     </span>
    </p>
   </div>
   <div class='ocr_carea' id='block_1_6' title="bbox 101 1025 146 1053">
    <p class='ocr_par' dir='ltr' id='par_1_6' title="bbox 101 1025 146 1053">
     <span class='ocr_line' id='line_1_8' title="bbox 101 1025 146 1053; baseline -0.022 -6"><span class='ocrx_word' id='word_1_18' title='bbox 101 1025 146 1053; x_wconf 67' lang='lat'>‘¹⁸²5</span> 
     </span>
    </p>
   </div>
   <div class='ocr_carea' id='block_1_7' title="bbox 126 1560 289 1586">
    <p class='ocr_par' dir='ltr' id='par_1_7' title="bbox 126 1560 289 1586">
     <span class='ocr_line' id='line_1_9' title="bbox 126 1560 289 1586; baseline -0.031 -2"><span class='ocrx_word' id='word_1_19' title='bbox 126 1560 289 1586; x_wconf 72' lang='lat' dir='ltr'>observanti-m</span> 
     </span>
    </p>
   </div>
   <div class='ocr_carea' id='block_1_8' title="bbox 104 1592 217 1651">
    <p class='ocr_par' dir='ltr' id='par_1_8' title="bbox 104 1592 217 1651">
     <span class='ocr_line' id='line_1_10' title="bbox 104 1592 167 1615; baseline -0.032 0"><span class='ocrx_word' id='word_1_20' title='bbox 104 1592 167 1615; x_wconf 42' lang='lat' dir='ltr'>huius</span> 
     </span>
     <span class='ocr_line' id='line_1_11' title="bbox 106 1624 217 1651; baseline -0.018 -7"><span class='ocrx_word' id='word_1_21' title='bbox 106 1624 217 1651; x_wconf 69' lang='lat' dir='ltr'>praeeipi15</span> 
     </span>
    </p>
   </div>
   <div class='ocr_carea' id='block_1_9' title="bbox 117 2539 214 2565">
    <p class='ocr_par' dir='ltr' id='par_1_9' title="bbox 117 2539 214 2565">
     <span class='ocr_line' id='line_1_12' title="bbox 117 2539 214 2565; baseline -0.031 -4"><span class='ocrx_word' id='word_1_22' title='bbox 117 2539 214 2565; x_wconf 57' lang='lat' dir='ltr'>dei-ogau</span> 
     </span>
    </p>
   </div>
   <div class='ocr_carea' id='block_1_10' title="bbox 219 1591 288 1612">
    <p class='ocr_par' dir='ltr' id='par_1_10' title="bbox 219 1591 288 1612">
     <span class='ocr_line' id='line_1_13' title="bbox 219 1591 288 1612; baseline 0 0"><span class='ocrx_word' id='word_1_23' title='bbox 219 1591 288 1612; x_wconf 79' lang='lat' dir='ltr'>bullae</span> 
     </span>
    </p>
   </div>
   <div class='ocr_carea' id='block_1_11' title="bbox 298 258 1067 2287">
    <p class='ocr_par' dir='ltr' id='par_1_11' title="bbox 298 258 1053 624">
     <span class='ocr_line' id='line_1_14' title="bbox 303 258 1051 303; baseline -0.005 -7"><span class='ocrx_word' id='word_1_24' title='bbox 303 268 358 296; x_wconf 90' lang='lat' dir='ltr'>aut</span> <span class='ocrx_word' id='word_1_25' title='bbox 376 262 415 295; x_wconf 89' lang='lat' dir='ltr'>de</span> <span class='ocrx_word' id='word_1_26' title='bbox 431 261 480 295; x_wconf 83' lang='lat' dir='ltr'>eis·</span> <span class='ocrx_word' id='word_1_27' title='bbox 492 260 681 303; x_wconf 74' lang='lat' dir='ltr'>disceptare,</span> <span class='ocrx_word' id='word_1_28' title='bbox 699 268 755 291; x_wconf 87' lang='lat' dir='ltr'>seu</span> <span class='ocrx_word' id='word_1_29' title='bbox 771 258 964 303; x_wconf 85' lang='lat' dir='ltr'>scrupulum</span> <span class='ocrx_word' id='word_1_30' title='bbox 981 259 1051 292; x_wconf 89' lang='lat' dir='ltr'>eui-</span> 
     </span>
     <span class='ocr_line' id='line_1_15' title="bbox 303 312 1051 360; baseline -0.004 -12"><span class='ocrx_word' id='word_1_31' title='bbox 303 326 400 360; x_wconf 89' lang='lat' dir='ltr'>quam</span> <span class='ocrx_word' id='word_1_32' title='bbox 422 314 565 353; x_wconf 88' lang='lat' dir='ltr'>iniicere,</span> <span class='ocrx_word' id='word_1_33' title='bbox 591 313 640 346; x_wconf 88' lang='lat' dir='ltr'>vel</span> <span class='ocrx_word' id='word_1_34' title='bbox 660 312 692 344; x_wconf 89' lang='lat' dir='ltr'>in</span> <span class='ocrx_word' id='word_1_35' title='bbox 717 313 970 346; x_wconf 87' lang='lat' dir='ltr'>controversiam</span> <span class='ocrx_word' id='word_1_36' title='bbox 999 318 1051 346; x_wconf 88' lang='lat' dir='ltr'>aut</span> 
     </span>
     <span class='ocr_line' id='line_1_16' title="bbox 302 365 1050 410; baseline -0.003 -9"><span class='ocrx_word' id='word_1_37' title='bbox 302 368 436 401; x_wconf 87' lang='lat' dir='ltr'>dubium</span> <span class='ocrx_word' id='word_1_38' title='bbox 466 376 618 400; x_wconf 79' lang='lat' dir='ltr'>revocare</span> <span class='ocrx_word' id='word_1_39' title='bbox 647 365 766 399; x_wconf 82' lang='lat' dir='ltr'>audeat</span> <span class='ocrx_word' id='word_1_40' title='bbox 799 367 1050 410; x_wconf 85' lang='lat' dir='ltr'>quoquomodo;</span> 
     </span>
     <span class='ocr_line' id='line_1_17' title="bbox 301 419 1053 464; baseline -0.004 -9"><span class='ocrx_word' id='word_1_41' title='bbox 301 432 361 455; x_wconf 86' lang='lat' dir='ltr'>nec</span> <span class='ocrx_word' id='word_1_42' title='bbox 380 422 500 464; x_wconf 77' lang='lat' dir='ltr'>glossas</span> <span class='ocrx_word' id='word_1_43' title='bbox 519 424 577 454; x_wconf 86' lang='lat' dir='ltr'>aut</span> <span class='ocrx_word' id='word_1_44' title='bbox 596 419 895 464; x_wconf 78' lang='lat' dir='ltr'>interpretationes,</span> <span class='ocrx_word' id='word_1_45' title='bbox 907 420 973 453; x_wconf 77' lang='lat' dir='ltr'>sive</span> <span class='ocrx_word' id='word_1_46' title='bbox 993 420 1053 452; x_wconf 89' lang='lat' dir='ltr'>im-</span> 
     </span>
     <span class='ocr_line' id='line_1_18' title="bbox 300 472 1052 519; baseline -0.003 -12"><span class='ocrx_word' id='word_1_47' title='bbox 300 484 428 519; x_wconf 78' lang='lat' dir='ltr'>pressas</span> <span class='ocrx_word' id='word_1_48' title='bbox 461 484 519 507; x_wconf 91' lang='lat' dir='ltr'>seu</span> <span class='ocrx_word' id='word_1_49' title='bbox 538 472 684 517; x_wconf 88' lang='lat' dir='ltr'>scriptas,</span> <span class='ocrx_word' id='word_1_50' title='bbox 709 472 749 506; x_wconf 88' lang='lat' dir='ltr'>ad</span> <span class='ocrx_word' id='word_1_51' title='bbox 779 472 812 506; x_wconf 92' lang='lat' dir='ltr'>id</span> <span class='ocrx_word' id='word_1_52' title='bbox 841 473 1052 517; x_wconf 80' lang='lat' dir='ltr'>pertinentes,</span> 
     </span>
     <span class='ocr_line' id='line_1_19' title="bbox 300 526 1052 572; baseline -0.001 -12"><span class='ocrx_word' id='word_1_53' title='bbox 300 528 418 572; x_wconf 81' lang='lat' dir='ltr'>legere,</span> <span class='ocrx_word' id='word_1_54' title='bbox 439 527 568 568; x_wconf 88' lang='lat' dir='ltr'>docere,</span> <span class='ocrx_word' id='word_1_55' title='bbox 591 526 728 570; x_wconf 88' lang='lat' dir='ltr'>aliisque</span> <span class='ocrx_word' id='word_1_56' title='bbox 752 526 893 567; x_wconf 84' lang='lat' dir='ltr'>tradere,</span> <span class='ocrx_word' id='word_1_57' title='bbox 914 526 1052 560; x_wconf 83' lang='lat' dir='ltr'>vendere</span> 
     </span>
     <span class='ocr_line' id='line_1_20' title="bbox 298 580 888 624; baseline -0.005 -9"><span class='ocrx_word' id='word_1_58' title='bbox 298 581 350 615; x_wconf 76' lang='lat' dir='ltr'>vel</span> <span class='ocrx_word' id='word_1_59' title='bbox 369 580 456 624; x_wconf 90' lang='lat' dir='ltr'>apud</span> <span class='ocrx_word' id='word_1_60' title='bbox 476 591 510 614; x_wconf 90' lang='lat' dir='ltr'>se</span> <span class='ocrx_word' id='word_1_61' title='bbox 529 580 670 614; x_wconf 87' lang='lat' dir='ltr'>retinere</span> <span class='ocrx_word' id='word_1_62' title='bbox 690 585 888 624; x_wconf 83' lang='lat' dir='ltr'>praesumat.</span> 
     </span>
    </p>

    <p class='ocr_par' dir='ltr' id='par_1_12' title="bbox 299 632 1052 883">
     <span class='ocr_line' id='line_1_21' title="bbox 344 632 1050 678; baseline -0.003 -11"><span class='ocrx_word' id='word_1_63' title='bbox 344 634 359 678; x_wconf 66' lang='lat' dir='ltr'>g</span> <span class='ocrx_word' id='word_1_64' title='bbox 378 633 432 667; x_wconf 73' lang='lat'>⁶25.</span> <span class='ocrx_word' id='word_1_65' title='bbox 455 633 487 667; x_wconf 87' lang='lat' dir='ltr'>Si</span> <span class='ocrx_word' id='word_1_66' title='bbox 504 634 584 677; x_wconf 89' lang='lat' dir='ltr'>quid</span> <span class='ocrx_word' id='word_1_67' title='bbox 601 644 678 667; x_wconf 88' lang='lat' dir='ltr'>vero</span> <span class='ocrx_word' id='word_1_68' title='bbox 689 632 779 667; x_wconf 90' lang='lat' dir='ltr'>dubii</span> <span class='ocrx_word' id='word_1_69' title='bbox 791 633 830 666; x_wconf 91' lang='lat' dir='ltr'>de</span> <span class='ocrx_word' id='word_1_70' title='bbox 845 633 966 666; x_wconf 88' lang='lat' dir='ltr'>eisdem</span> <span class='ocrx_word' id='word_1_71' title='bbox 975 632 1050 666; x_wconf 91' lang='lat' dir='ltr'>oriri</span> 
     </span>
     <span class='ocr_line' id='line_1_22' title="bbox 300 686 1052 731; baseline -0.003 -10"><span class='ocrx_word' id='word_1_72' title='bbox 300 687 487 731; x_wconf 84' lang='lat' dir='ltr'>contigerit,</span> <span class='ocrx_word' id='word_1_73' title='bbox 509 687 549 721; x_wconf 92' lang='lat' dir='ltr'>ad</span> <span class='ocrx_word' id='word_1_74' title='bbox 568 687 684 721; x_wconf 87' lang='lat' dir='ltr'>Sedem</span> <span class='ocrx_word' id='word_1_75' title='bbox 704 686 917 731; x_wconf 83' lang='lat' dir='ltr'>praedictam,</span> <span class='ocrx_word' id='word_1_76' title='bbox 944 687 992 720; x_wconf 82' lang='lat' dir='ltr'>vel</span> <span class='ocrx_word' id='word_1_77' title='bbox 1014 686 1052 719; x_wconf 89' lang='lat' dir='ltr'>ad</span> 
     </span>
     <span class='ocr_line' id='line_1_23' title="bbox 299 740 1052 786; baseline -0.003 -11"><span class='ocrx_word' id='word_1_78' title='bbox 299 741 484 785; x_wconf 84' lang='lat' dir='ltr'>generalem</span> <span class='ocrx_word' id='word_1_79' title='bbox 504 740 727 786; x_wconf 87' lang='lat' dir='ltr'>praepositum</span> <span class='ocrx_word' id='word_1_80' title='bbox 748 740 853 774; x_wconf 90' lang='lat' dir='ltr'>dictae</span> <span class='ocrx_word' id='word_1_81' title='bbox 871 740 1052 777; x_wconf 80' lang='lat' dir='ltr'>Societatis,</span> 
     </span>
     <span class='ocr_line' id='line_1_24' title="bbox 299 793 1052 840; baseline -0.004 -11"><span class='ocrx_word' id='word_1_82' title='bbox 299 800 358 829; x_wconf 91' lang='lat' dir='ltr'>aut</span> <span class='ocrx_word' id='word_1_83' title='bbox 375 795 416 828; x_wconf 88' lang='lat' dir='ltr'>ad</span> <span class='ocrx_word' id='word_1_84' title='bbox 441 805 509 837; x_wconf 86' lang='lat' dir='ltr'>eos,</span> <span class='ocrx_word' id='word_1_85' title='bbox 538 795 658 840; x_wconf 87' lang='lat' dir='ltr'>quibus</span> <span class='ocrx_word' id='word_1_86' title='bbox 686 794 720 828; x_wconf 92' lang='lat' dir='ltr'>id</span> <span class='ocrx_word' id='word_1_87' title='bbox 743 794 813 838; x_wconf 90' lang='lat' dir='ltr'>ipse</span> <span class='ocrx_word' id='word_1_88' title='bbox 843 793 1052 834; x_wconf 81' lang='lat' dir='ltr'>commiserit,</span> 
     </span>
     <span class='ocr_line' id='line_1_25' title="bbox 299 848 474 883; baseline 0 -1"><span class='ocrx_word' id='word_1_89' title='bbox 299 848 474 883; x_wconf 85' lang='lat' dir='ltr'>referatur.</span> 
     </span>
    </p>

    <p class='ocr_par' dir='ltr' id='par_1_13' title="bbox 299 901 1057 1484">
     <span class='ocr_line' id='line_1_26' title="bbox 344 901 1054 947; baseline -0.004 -11"><span class='ocrx_word' id='word_1_90' title='bbox 344 902 359 946; x_wconf 66' lang='lat' dir='ltr'>g</span> <span class='ocrx_word' id='word_1_91' title='bbox 384 902 438 936; x_wconf 76' lang='lat'>⁶26.</span> <span class='ocrx_word' id='word_1_92' title='bbox 461 902 592 947; x_wconf 86' lang='lat' dir='ltr'>Sicque,</span> <span class='ocrx_word' id='word_1_93' title='bbox 606 901 641 935; x_wconf 91' lang='lat' dir='ltr'>in</span> <span class='ocrx_word' id='word_1_94' title='bbox 653 901 840 947; x_wconf 82' lang='lat' dir='ltr'>praemissis</span> <span class='ocrx_word' id='word_1_95' title='bbox 860 901 1010 935; x_wconf 91' lang='lat' dir='ltr'>omnibus</span> <span class='ocrx_word' id='word_1_96' title='bbox 1022 907 1054 934; x_wconf 85' lang='lat' dir='ltr'>et</span> 
     </span>
     <span class='ocr_line' id='line_1_27' title="bbox 299 955 1055 999; baseline -0.003 -10"><span class='ocrx_word' id='word_1_97' title='bbox 299 955 446 999; x_wconf 83' lang='lat' dir='ltr'>singulis,</span> <span class='ocrx_word' id='word_1_98' title='bbox 464 966 523 999; x_wconf 88' lang='lat' dir='ltr'>per</span> <span class='ocrx_word' id='word_1_99' title='bbox 538 966 763 999; x_wconf 91' lang='lat' dir='ltr'>quoscumque</span> <span class='ocrx_word' id='word_1_100' title='bbox 775 955 898 988; x_wconf 90' lang='lat' dir='ltr'>iudices</span> <span class='ocrx_word' id='word_1_101' title='bbox 918 960 950 988; x_wconf 90' lang='lat' dir='ltr'>et</span> <span class='ocrx_word' id='word_1_102' title='bbox 967 965 1055 988; x_wconf 90' lang='lat' dir='ltr'>com-</span> 
     </span>
     <span class='ocr_line' id='line_1_28' title="bbox 299 1008 1053 1053; baseline -0.003 -10"><span class='ocrx_word' id='word_1_103' title='bbox 299 1009 476 1050; x_wconf 89' lang='lat' dir='ltr'>missarios,</span> <span class='ocrx_word' id='word_1_104' title='bbox 499 1009 596 1043; x_wconf 89' lang='lat' dir='ltr'>etiam</span> <span class='ocrx_word' id='word_1_105' title='bbox 625 1020 798 1043; x_wconf 85' lang='lat' dir='ltr'>causarum</span> <span class='ocrx_word' id='word_1_106' title='bbox 824 1008 936 1042; x_wconf 87' lang='lat' dir='ltr'>Palatii</span> <span class='ocrx_word' id='word_1_107' title='bbox 967 1009 1053 1053; x_wconf 80' lang='lat' dir='ltr'>Apo-</span> 
     </span>
     <span class='ocr_line' id='line_1_29' title="bbox 299 1062 1051 1102; baseline -0.004 -5"><span class='ocrx_word' id='word_1_108' title='bbox 299 1063 406 1098; x_wconf 89' lang='lat' dir='ltr'>stolici</span> <span class='ocrx_word' id='word_1_109' title='bbox 433 1063 599 1097; x_wconf 82' lang='lat' dir='ltr'>auditores</span> <span class='ocrx_word' id='word_1_110' title='bbox 623 1074 661 1097; x_wconf 91' lang='lat' dir='ltr'>ac</span> <span class='ocrx_word' id='word_1_111' title='bbox 680 1063 711 1097; x_wconf 93' lang='lat' dir='ltr'>S.</span> <span class='ocrx_word' id='word_1_112' title='bbox 734 1063 771 1096; x_wconf 90' lang='lat' dir='ltr'>R.</span> <span class='ocrx_word' id='word_1_113' title='bbox 800 1063 835 1095; x_wconf 90' lang='grc' dir='ltr'>Ε.</span> <span class='ocrx_word' id='word_1_114' title='bbox 859 1062 1051 1102; x_wconf 76' lang='lat' dir='ltr'>cardinales,</span> 
     </span>
     <span class='ocr_line' id='line_1_30' title="bbox 299 1115 1055 1162; baseline -0.004 -12"><span class='ocrx_word' id='word_1_115' title='bbox 299 1117 333 1151; x_wconf 92' lang='lat' dir='ltr'>in</span> <span class='ocrx_word' id='word_1_116' title='bbox 352 1117 464 1162; x_wconf 91' lang='lat' dir='ltr'>quavis</span> <span class='ocrx_word' id='word_1_117' title='bbox 483 1128 582 1151; x_wconf 88' lang='lat' dir='ltr'>causa</span> <span class='ocrx_word' id='word_1_118' title='bbox 601 1122 635 1151; x_wconf 91' lang='lat' dir='ltr'>et</span> <span class='ocrx_word' id='word_1_119' title='bbox 663 1116 831 1156; x_wconf 80' lang='lat' dir='ltr'>instantia,</span> <span class='ocrx_word' id='word_1_120' title='bbox 859 1116 984 1149; x_wconf 87' lang='lat' dir='ltr'>sublata</span> <span class='ocrx_word' id='word_1_121' title='bbox 1009 1115 1055 1148; x_wconf 86' lang='lat' dir='ltr'>eis</span> 
     </span>
     <span class='ocr_line' id='line_1_31' title="bbox 302 1169 1054 1214; baseline -0.005 -9"><span class='ocrx_word' id='word_1_122' title='bbox 302 1176 335 1205; x_wconf 88' lang='lat' dir='ltr'>et</span> <span class='ocrx_word' id='word_1_123' title='bbox 353 1182 466 1205; x_wconf 89' lang='lat' dir='ltr'>eorum</span> <span class='ocrx_word' id='word_1_124' title='bbox 488 1171 625 1204; x_wconf 85' lang='lat' dir='ltr'>cuilibet</span> <span class='ocrx_word' id='word_1_125' title='bbox 643 1170 754 1214; x_wconf 90' lang='lat' dir='ltr'>quavis</span> <span class='ocrx_word' id='word_1_126' title='bbox 774 1169 869 1203; x_wconf 86' lang='lat' dir='ltr'>aliter</span> <span class='ocrx_word' id='word_1_127' title='bbox 887 1169 1054 1202; x_wconf 83' lang='lat' dir='ltr'>iudicandi</span> 
     </span>
     <span class='ocr_line' id='line_1_32' title="bbox 301 1223 1053 1270; baseline -0.005 -10"><span class='ocrx_word' id='word_1_128' title='bbox 301 1232 334 1260; x_wconf 89' lang='lat' dir='ltr'>et</span> <span class='ocrx_word' id='word_1_129' title='bbox 352 1225 588 1270; x_wconf 83' lang='lat' dir='ltr'>interpretandi</span> <span class='ocrx_word' id='word_1_130' title='bbox 607 1225 761 1258; x_wconf 84' lang='lat' dir='ltr'>facultate</span> <span class='ocrx_word' id='word_1_131' title='bbox 785 1229 817 1257; x_wconf 88' lang='lat' dir='ltr'>et</span> <span class='ocrx_word' id='word_1_132' title='bbox 846 1223 1053 1263; x_wconf 87' lang='lat' dir='ltr'>auctoritate,</span> 
     </span>
     <span class='ocr_line' id='line_1_33' title="bbox 302 1277 1054 1318; baseline -0.005 -5"><span class='ocrx_word' id='word_1_133' title='bbox 302 1280 440 1313; x_wconf 84' lang='lat' dir='ltr'>iudicari</span> <span class='ocrx_word' id='word_1_134' title='bbox 461 1285 494 1313; x_wconf 89' lang='lat' dir='ltr'>et</span> <span class='ocrx_word' id='word_1_135' title='bbox 508 1279 637 1313; x_wconf 88' lang='lat' dir='ltr'>definiri</span> <span class='ocrx_word' id='word_1_136' title='bbox 657 1279 799 1318; x_wconf 88' lang='lat' dir='ltr'>debere;</span> <span class='ocrx_word' id='word_1_137' title='bbox 825 1287 954 1311; x_wconf 86' lang='lat' dir='ltr'>necnon</span> <span class='ocrx_word' id='word_1_138' title='bbox 979 1277 1054 1310; x_wconf 90' lang='lat' dir='ltr'>irri-</span> 
     </span>
     <span class='ocr_line' id='line_1_34' title="bbox 302 1331 1057 1378; baseline -0.004 -11"><span class='ocrx_word' id='word_1_139' title='bbox 302 1338 373 1367; x_wconf 90' lang='lat' dir='ltr'>tum</span> <span class='ocrx_word' id='word_1_140' title='bbox 394 1339 426 1366; x_wconf 91' lang='lat' dir='ltr'>et</span> <span class='ocrx_word' id='word_1_141' title='bbox 447 1333 544 1366; x_wconf 90' lang='lat' dir='ltr'>inane</span> <span class='ocrx_word' id='word_1_142' title='bbox 563 1332 719 1378; x_wconf 88' lang='lat' dir='ltr'>quiequid</span> <span class='ocrx_word' id='word_1_143' title='bbox 739 1342 832 1365; x_wconf 88' lang='lat' dir='ltr'>secus</span> <span class='ocrx_word' id='word_1_144' title='bbox 851 1342 950 1376; x_wconf 88' lang='lat' dir='ltr'>super</span> <span class='ocrx_word' id='word_1_145' title='bbox 968 1331 1019 1364; x_wconf 90' lang='lat' dir='ltr'>his</span> <span class='ocrx_word' id='word_1_146' title='bbox 1039 1342 1057 1364; x_wconf 91' lang='lat' dir='ltr'>a</span> 
     </span>
     <span class='ocr_line' id='line_1_35' title="bbox 304 1385 1057 1431; baseline -0.004 -11"><span class='ocrx_word' id='word_1_147' title='bbox 304 1397 483 1431; x_wconf 88' lang='lat' dir='ltr'>quoquam,</span> <span class='ocrx_word' id='word_1_148' title='bbox 507 1386 619 1431; x_wconf 89' lang='lat' dir='ltr'>quavis</span> <span class='ocrx_word' id='word_1_149' title='bbox 639 1385 846 1426; x_wconf 88' lang='lat' dir='ltr'>auctoritate,</span> <span class='ocrx_word' id='word_1_150' title='bbox 858 1385 1057 1418; x_wconf 77' lang='lat' dir='ltr'>scientervel</span> 
     </span>
     <span class='ocr_line' id='line_1_36' title="bbox 302 1439 878 1484; baseline -0.002 -11"><span class='ocrx_word' id='word_1_151' title='bbox 302 1440 504 1484; x_wconf 82' lang='lat' dir='ltr'>ignoranter,</span> <span class='ocrx_word' id='word_1_152' title='bbox 526 1439 704 1483; x_wconf 86' lang='lat' dir='ltr'>contigerit</span> <span class='ocrx_word' id='word_1_153' title='bbox 712 1439 878 1473; x_wconf 84' lang='lat' dir='ltr'>attentari.</span> 
     </span>
    </p>

    <p class='ocr_par' dir='ltr' id='par_1_14' title="bbox 305 1491 1067 2287">
     <span class='ocr_line' id='line_1_37' title="bbox 348 1491 1058 1538; baseline -0.003 -12"><span class='ocrx_word' id='word_1_154' title='bbox 348 1494 363 1538; x_wconf 61' lang='grc' dir='ltr'><strong>ἓ</strong></span> <span class='ocrx_word' id='word_1_155' title='bbox 386 1492 441 1527; x_wconf 74' lang='lat'>⁶27.</span> <span class='ocrx_word' id='word_1_156' title='bbox 464 1493 652 1526; x_wconf 87' lang='lat' dir='ltr'>Mandantes</span> <span class='ocrx_word' id='word_1_157' title='bbox 679 1492 837 1526; x_wconf 84' lang='lat' dir='ltr'>universis</span> <span class='ocrx_word' id='word_1_158' title='bbox 858 1497 890 1525; x_wconf 86' lang='lat' dir='ltr'>et</span> <span class='ocrx_word' id='word_1_159' title='bbox 921 1491 1058 1535; x_wconf 79' lang='lat' dir='ltr'>singulis</span> 
     </span>
     <span class='ocr_line' id='line_1_38' title="bbox 305 1545 1059 1591; baseline -0.003 -11"><span class='ocrx_word' id='word_1_160' title='bbox 305 1547 512 1591; x_wconf 84' lang='lat' dir='ltr'>patriarchis,</span> <span class='ocrx_word' id='word_1_161' title='bbox 534 1546 800 1590; x_wconf 81' lang='lat' dir='ltr'>archiepiscopis,</span> <span class='ocrx_word' id='word_1_162' title='bbox 836 1545 997 1589; x_wconf 88' lang='lat' dir='ltr'>episcopis</span> <span class='ocrx_word' id='word_1_163' title='bbox 1027 1551 1059 1578; x_wconf 90' lang='lat' dir='ltr'>et</span> 
     </span>
     <span class='ocr_line' id='line_1_39' title="bbox 305 1599 1057 1640; baseline -0.004 -6"><span class='ocrx_word' id='word_1_164' title='bbox 305 1600 423 1635; x_wconf 86' lang='lat' dir='ltr'>ceteris</span> <span class='ocrx_word' id='word_1_165' title='bbox 451 1600 665 1634; x_wconf 83' lang='lat' dir='ltr'>ecclesiarum</span> <span class='ocrx_word' id='word_1_166' title='bbox 700 1606 732 1633; x_wconf 90' lang='lat' dir='ltr'>et</span> <span class='ocrx_word' id='word_1_167' title='bbox 764 1600 927 1640; x_wconf 88' lang='lat' dir='ltr'>locorum,</span> <span class='ocrx_word' id='word_1_168' title='bbox 960 1599 1057 1633; x_wconf 86' lang='lat' dir='ltr'>etiam</span> 
     </span>
     <span class='ocr_line' id='line_1_40' title="bbox 306 1654 1058 1698; baseline -0.004 -10"><span class='ocrx_word' id='word_1_169' title='bbox 306 1654 522 1698; x_wconf 80' lang='lat' dir='ltr'>regularium,</span> <span class='ocrx_word' id='word_1_170' title='bbox 544 1654 699 1698; x_wconf 82' lang='lat' dir='ltr'>praelatis</span> <span class='ocrx_word' id='word_1_171' title='bbox 719 1665 777 1697; x_wconf 89' lang='lat' dir='ltr'>per</span> <span class='ocrx_word' id='word_1_172' title='bbox 796 1654 983 1686; x_wconf 79' lang='lat' dir='ltr'>universum</span> <span class='ocrx_word' id='word_1_173' title='bbox 1005 1664 1058 1686; x_wconf 90' lang='lat' dir='ltr'>or—</span> 
     </span>
     <span class='ocr_line' id='line_1_41' title="bbox 305 1707 1059 1752; baseline -0.003 -10"><span class='ocrx_word' id='word_1_174' title='bbox 305 1709 380 1742; x_wconf 90' lang='lat' dir='ltr'>bem</span> <span class='ocrx_word' id='word_1_175' title='bbox 405 1708 603 1750; x_wconf 85' lang='lat' dir='ltr'>constitutis,</span> <span class='ocrx_word' id='word_1_176' title='bbox 626 1713 663 1741; x_wconf 91' lang='lat' dir='ltr'>ut</span> <span class='ocrx_word' id='word_1_177' title='bbox 681 1712 868 1752; x_wconf 80' lang='lat' dir='ltr'>praesentes</span> <span class='ocrx_word' id='word_1_178' title='bbox 882 1707 1007 1740; x_wconf 74' lang='lat' dir='ltr'>litteras</span> <span class='ocrx_word' id='word_1_179' title='bbox 1027 1707 1059 1740; x_wconf 83' lang='lat' dir='ltr'>in</span> 
     </span>
     <span class='ocr_line' id='line_1_42' title="bbox 307 1760 1061 1807; baseline -0.004 -11"><span class='ocrx_word' id='word_1_180' title='bbox 307 1762 374 1796; x_wconf 89' lang='lat' dir='ltr'>suis</span> <span class='ocrx_word' id='word_1_181' title='bbox 395 1762 535 1807; x_wconf 88' lang='lat' dir='ltr'>quisque</span> <span class='ocrx_word' id='word_1_182' title='bbox 556 1761 712 1802; x_wconf 91' lang='lat' dir='ltr'>ecclesiis,</span> <span class='ocrx_word' id='word_1_183' title='bbox 737 1760 924 1805; x_wconf 76' lang='lat' dir='ltr'>provinciis,</span> <span class='ocrx_word' id='word_1_184' title='bbox 952 1761 1061 1794; x_wconf 75' lang='lat' dir='ltr'>civita-</span> 
     </span>
     <span class='ocr_line' id='line_1_43' title="bbox 310 1814 1061 1856; baseline -0.005 -6"><span class='ocrx_word' id='word_1_185' title='bbox 310 1816 409 1856; x_wconf 89' lang='lat' dir='ltr'>tibus,</span> <span class='ocrx_word' id='word_1_186' title='bbox 430 1814 632 1849; x_wconf 82' lang='lat' dir='ltr'>dioecesibus</span> <span class='ocrx_word' id='word_1_187' title='bbox 661 1820 694 1848; x_wconf 88' lang='lat' dir='ltr'>et</span> <span class='ocrx_word' id='word_1_188' title='bbox 723 1814 1002 1847; x_wconf 83' lang='lat' dir='ltr'>iurisdictionibus</span> <span class='ocrx_word' id='word_1_189' title='bbox 1022 1815 1061 1847; x_wconf 88' lang='lat' dir='ltr'>ab</span> 
     </span>
     <span class='ocr_line' id='line_1_44' title="bbox 309 1868 1060 1912; baseline -0.004 -9"><span class='ocrx_word' id='word_1_190' title='bbox 309 1870 461 1904; x_wconf 88' lang='lat' dir='ltr'>omnibus</span> <span class='ocrx_word' id='word_1_191' title='bbox 484 1869 637 1903; x_wconf 76' lang='lat' dir='ltr'>inviolate</span> <span class='ocrx_word' id='word_1_192' title='bbox 658 1868 843 1902; x_wconf 72' lang='lat' dir='ltr'>observari:</span> <span class='ocrx_word' id='word_1_193' title='bbox 865 1868 943 1912; x_wconf 90' lang='lat' dir='ltr'>quin</span> <span class='ocrx_word' id='word_1_194' title='bbox 964 1868 1060 1901; x_wconf 85' lang='lat' dir='ltr'>etiam</span> 
     </span>
     <span class='ocr_line' id='line_1_45' title="bbox 310 1921 1063 1968; baseline -0.005 -11"><span class='ocrx_word' id='word_1_195' title='bbox 310 1924 534 1968; x_wconf 85' lang='lat' dir='ltr'>praepositum</span> <span class='ocrx_word' id='word_1_196' title='bbox 555 1934 592 1956; x_wconf 91' lang='lat' dir='ltr'>ac</span> <span class='ocrx_word' id='word_1_197' title='bbox 600 1933 755 1967; x_wconf 83' lang='lat' dir='ltr'>personas</span> <span class='ocrx_word' id='word_1_198' title='bbox 774 1921 942 1955; x_wconf 87' lang='lat' dir='ltr'>Societatis</span> <span class='ocrx_word' id='word_1_199' title='bbox 953 1922 1063 1954; x_wconf 80' lang='lat' dir='ltr'>huius—</span> 
     </span>
     <span class='ocr_line' id='line_1_46' title="bbox 311 1975 1063 2020; baseline -0.005 -10"><span class='ocrx_word' id='word_1_200' title='bbox 311 1977 399 2010; x_wconf 91' lang='lat' dir='ltr'>modi</span> <span class='ocrx_word' id='word_1_201' title='bbox 420 1977 607 2017; x_wconf 83' lang='lat' dir='ltr'>defendant,</span> <span class='ocrx_word' id='word_1_202' title='bbox 621 1986 740 2020; x_wconf 89' lang='lat' dir='ltr'>eosque</span> <span class='ocrx_word' id='word_1_203' title='bbox 750 1975 939 2020; x_wconf 82' lang='lat' dir='ltr'>praemissis</span> <span class='ocrx_word' id='word_1_204' title='bbox 958 1975 1063 2008; x_wconf 89' lang='lat' dir='ltr'>omni-</span> 
     </span>
     <span class='ocr_line' id='line_1_47' title="bbox 311 2028 1065 2074; baseline -0.005 -10"><span class='ocrx_word' id='word_1_205' title='bbox 311 2031 373 2064; x_wconf 90' lang='lat' dir='ltr'>bus</span> <span class='ocrx_word' id='word_1_206' title='bbox 392 2036 424 2064; x_wconf 89' lang='lat' dir='ltr'>et</span> <span class='ocrx_word' id='word_1_207' title='bbox 439 2030 575 2074; x_wconf 83' lang='lat' dir='ltr'>singulis</span> <span class='ocrx_word' id='word_1_208' title='bbox 596 2030 731 2074; x_wconf 88' lang='lat' dir='ltr'>pacifice</span> <span class='ocrx_word' id='word_1_209' title='bbox 742 2029 805 2062; x_wconf 81' lang='lat' dir='ltr'>frui</span> <span class='ocrx_word' id='word_1_210' title='bbox 818 2028 1065 2071; x_wconf 69' lang='lat' dir='ltr'>taciantetgau-</span> 
     </span>
     <span class='ocr_line' id='line_1_48' title="bbox 312 2083 1065 2128; baseline -0.003 -11"><span class='ocrx_word' id='word_1_211' title='bbox 312 2084 400 2125; x_wconf 87' lang='lat' dir='ltr'>dere,</span> <span class='ocrx_word' id='word_1_212' title='bbox 423 2094 489 2117; x_wconf 90' lang='lat' dir='ltr'>non</span> <span class='ocrx_word' id='word_1_213' title='bbox 507 2083 733 2128; x_wconf 83' lang='lat' dir='ltr'>permittentes</span> <span class='ocrx_word' id='word_1_214' title='bbox 762 2083 849 2126; x_wconf 89' lang='lat' dir='ltr'>ipsos</span> <span class='ocrx_word' id='word_1_215' title='bbox 879 2093 938 2126; x_wconf 89' lang='lat' dir='ltr'>per</span> <span class='ocrx_word' id='word_1_216' title='bbox 967 2093 1065 2126; x_wconf 90' lang='lat' dir='ltr'>quos-</span> 
     </span>
     <span class='ocr_line' id='line_1_49' title="bbox 314 2135 1066 2181; baseline -0.003 -11"><span class='ocrx_word' id='word_1_217' title='bbox 314 2148 455 2181; x_wconf 88' lang='lat' dir='ltr'>cumque</span> <span class='ocrx_word' id='word_1_218' title='bbox 475 2137 722 2180; x_wconf 88' lang='lat' dir='ltr'>quomodolibet</span> <span class='ocrx_word' id='word_1_219' title='bbox 732 2136 909 2169; x_wconf 87' lang='lat' dir='ltr'>molestari.</span> <span class='ocrx_word' id='word_1_220' title='bbox 932 2135 1066 2169; x_wconf 86' lang='lat' dir='ltr'>Contra-</span> 
     </span>
     <span class='ocr_line' id='line_1_50' title="bbox 315 2189 1067 2235; baseline -0.003 -12"><span class='ocrx_word' id='word_1_221' title='bbox 315 2190 454 2224; x_wconf 88' lang='lat' dir='ltr'>dictores</span> <span class='ocrx_word' id='word_1_222' title='bbox 472 2201 692 2235; x_wconf 85' lang='lat' dir='ltr'>percensuras</span> <span class='ocrx_word' id='word_1_223' title='bbox 710 2189 945 2224; x_wconf 87' lang='lat' dir='ltr'>ecclesiasticas</span> <span class='ocrx_word' id='word_1_224' title='bbox 962 2194 994 2222; x_wconf 90' lang='lat' dir='ltr'>et</span> <span class='ocrx_word' id='word_1_225' title='bbox 1006 2189 1067 2221; x_wconf 88' lang='lat' dir='ltr'>alia</span> 
     </span>
     <span class='ocr_line' id='line_1_51' title="bbox 316 2243 1067 2287; baseline -0.001 -11"><span class='ocrx_word' id='word_1_226' title='bbox 316 2243 395 2277; x_wconf 91' lang='lat' dir='ltr'>iuris</span> <span class='ocrx_word' id='word_1_227' title='bbox 415 2249 447 2276; x_wconf 85' lang='lat' dir='ltr'>et</span> <span class='ocrx_word' id='word_1_228' title='bbox 473 2244 548 2277; x_wconf 83' lang='lat' dir='ltr'>facti</span> <span class='ocrx_word' id='word_1_229' title='bbox 568 2244 712 2277; x_wconf 82' lang='lat' dir='ltr'>remedia</span> <span class='ocrx_word' id='word_1_230' title='bbox 731 2248 930 2287; x_wconf 85' lang='lat' dir='ltr'>opportuna,</span> <span class='ocrx_word' id='word_1_231' title='bbox 956 2243 1067 2287; x_wconf 89' lang='lat' dir='ltr'>appel-</span> 
     </span>
    </p>
   </div>
   <div class='ocr_carea' id='block_1_12' title="bbox 939 205 1287 231">
    <p class='ocr_par' dir='ltr' id='par_1_15' title="bbox 939 205 1287 231">
     <span class='ocr_line' id='line_1_52' title="bbox 939 205 1287 231; baseline 0.003 -1"><span class='ocrx_word' id='word_1_232' title='bbox 939 205 1117 231; x_wconf 71' lang='lat' dir='ltr'>BULLARIUM</span> <span class='ocrx_word' id='word_1_233' title='bbox 1136 205 1287 231; x_wconf 65' lang='lat' dir='ltr'>ROMANUM</span> 
     </span>
    </p>
   </div>
   <div class='ocr_carea' id='block_1_13' title="bbox 1093 257 1855 2281">
    <p class='ocr_par' dir='ltr' id='par_1_16' title="bbox 1093 257 1854 2216">
     <span class='ocr_line' id='line_1_53' title="bbox 1094 257 1840 303; baseline 0.003 -13"><span class='ocrx_word' id='word_1_234' title='bbox 1094 262 1216 298; x_wconf 90' lang='lat' dir='ltr'>mento,</span> <span class='ocrx_word' id='word_1_235' title='bbox 1238 257 1487 291; x_wconf 87' lang='lat' dir='ltr'>confirmatione</span> <span class='ocrx_word' id='word_1_236' title='bbox 1506 258 1683 303; x_wconf 81' lang='lat' dir='ltr'>apostolica</span> <span class='ocrx_word' id='word_1_237' title='bbox 1701 259 1751 292; x_wconf 79' lang='lat' dir='ltr'>vel</span> <span class='ocrx_word' id='word_1_238' title='bbox 1766 269 1840 303; x_wconf 90' lang='lat' dir='ltr'>qua-</span> 
     </span>
     <span class='ocr_line' id='line_1_54' title="bbox 1093 311 1844 352; baseline 0.004 -9"><span class='ocrx_word' id='word_1_239' title='bbox 1093 311 1138 343; x_wconf 77' lang='lat' dir='ltr'>vis</span> <span class='ocrx_word' id='word_1_240' title='bbox 1158 311 1311 344; x_wconf 87' lang='lat' dir='ltr'>firmitate</span> <span class='ocrx_word' id='word_1_241' title='bbox 1331 311 1393 344; x_wconf 82' lang='lat' dir='ltr'>alia</span> <span class='ocrx_word' id='word_1_242' title='bbox 1403 311 1573 352; x_wconf 89' lang='lat' dir='ltr'>roboratis,</span> <span class='ocrx_word' id='word_1_243' title='bbox 1584 312 1712 346; x_wconf 79' lang='lat' dir='ltr'>statutis</span> <span class='ocrx_word' id='word_1_244' title='bbox 1723 317 1755 346; x_wconf 86' lang='lat' dir='ltr'>et</span> <span class='ocrx_word' id='word_1_245' title='bbox 1765 318 1844 346; x_wconf 73' lang='lat' dir='ltr'>co&#39;n‘-</span> 
     </span>
     <span class='ocr_line' id='line_1_55' title="bbox 1093 363 1844 409; baseline 0.001 -12"><span class='ocrx_word' id='word_1_246' title='bbox 1093 364 1334 404; x_wconf 83' lang='lat' dir='ltr'>suetudinibus;</span> <span class='ocrx_word' id='word_1_247' title='bbox 1356 363 1530 408; x_wconf 82' lang='lat' dir='ltr'>privilegiis</span> <span class='ocrx_word' id='word_1_248' title='bbox 1549 375 1690 409; x_wconf 89' lang='lat' dir='ltr'>quoque,</span> <span class='ocrx_word' id='word_1_249' title='bbox 1709 365 1844 399; x_wconf 88' lang='lat' dir='ltr'>indultis</span> 
     </span>
     <span class='ocr_line' id='line_1_56' title="bbox 1093 417 1845 462; baseline 0.003 -12"><span class='ocrx_word' id='word_1_250' title='bbox 1093 423 1125 451; x_wconf 88' lang='lat' dir='ltr'>et</span> <span class='ocrx_word' id='word_1_251' title='bbox 1143 417 1262 450; x_wconf 87' lang='lat' dir='ltr'>litteris</span> <span class='ocrx_word' id='word_1_252' title='bbox 1269 417 1456 461; x_wconf 84' lang='lat' dir='ltr'>apostolicis</span> <span class='ocrx_word' id='word_1_253' title='bbox 1465 417 1725 462; x_wconf 86' lang='lat' dir='ltr'>quibuscumque</span> <span class='ocrx_word' id='word_1_254' title='bbox 1732 418 1845 452; x_wconf 91' lang='lat' dir='ltr'>huius-</span> 
     </span>
     <span class='ocr_line' id='line_1_57' title="bbox 1094 463 1845 511; baseline 0.003 -8"><span class='ocrx_word' id='word_1_255' title='bbox 1094 471 1181 503; x_wconf 87' lang='lat' dir='ltr'>modi</span> <span class='ocrx_word' id='word_1_256' title='bbox 1200 463 1685 511; x_wconf 80' lang='lat' dir='ltr'>Ordinibus‚⁴universitatibus,</span> <span class='ocrx_word' id='word_1_257' title='bbox 1697 471 1778 505; x_wconf 90' lang='lat' dir='ltr'>locis</span> <span class='ocrx_word' id='word_1_258' title='bbox 1793 471 1845 505; x_wconf 88' lang='lat' dir='ltr'>vel</span> 
     </span>
     <span class='ocr_line' id='line_1_58' title="bbox 1094 524 1845 568; baseline 0.001 -11"><span class='ocrx_word' id='word_1_259' title='bbox 1094 524 1253 568; x_wconf 87' lang='lat' dir='ltr'>personis,</span> <span class='ocrx_word' id='word_1_260' title='bbox 1272 535 1331 568; x_wconf 88' lang='lat' dir='ltr'>per</span> <span class='ocrx_word' id='word_1_261' title='bbox 1345 535 1571 568; x_wconf 88' lang='lat' dir='ltr'>quoscumque</span> <span class='ocrx_word' id='word_1_262' title='bbox 1581 524 1744 558; x_wconf 89' lang='lat' dir='ltr'>Romanos</span> <span class='ocrx_word' id='word_1_263' title='bbox 1759 524 1845 568; x_wconf 41' lang='lat' dir='ltr'>Pon,</span> 
     </span>
     <span class='ocr_line' id='line_1_59' title="bbox 1096 577 1846 622; baseline 0.003 -12"><span class='ocrx_word' id='word_1_264' title='bbox 1096 577 1197 611; x_wconf 87' lang='lat' dir='ltr'>tifices</span> <span class='ocrx_word' id='word_1_265' title='bbox 1216 578 1482 622; x_wconf 84' lang='lat' dir='ltr'>praedecessores</span> <span class='ocrx_word' id='word_1_266' title='bbox 1511 583 1641 612; x_wconf 89' lang='lat' dir='ltr'>nostros</span> <span class='ocrx_word' id='word_1_267' title='bbox 1665 588 1703 612; x_wconf 88' lang='lat' dir='ltr'>ac</span> <span class='ocrx_word' id='word_1_268' title='bbox 1733 588 1793 612; x_wconf 88' lang='lat' dir='ltr'>nos</span> <span class='ocrx_word' id='word_1_269' title='bbox 1812 582 1846 612; x_wconf 92' lang='lat' dir='ltr'>et</span> 
     </span>
     <span class='ocr_line' id='line_1_60' title="bbox 1094 630 1849 678; baseline 0.001 -15"><span class='ocrx_word' id='word_1_270' title='bbox 1094 630 1209 664; x_wconf 84' lang='lat' dir='ltr'>Sedem</span> <span class='ocrx_word' id='word_1_271' title='bbox 1231 631 1444 675; x_wconf 85' lang='lat' dir='ltr'>praedictam,</span> <span class='ocrx_word' id='word_1_272' title='bbox 1464 631 1560 665; x_wconf 88' lang='lat' dir='ltr'>etiam</span> <span class='ocrx_word' id='word_1_273' title='bbox 1590 637 1681 665; x_wconf 91' lang='lat' dir='ltr'>motu</span> <span class='ocrx_word' id='word_1_274' title='bbox 1711 631 1849 678; x_wconf 51' lang='lat' dir='ltr'>proprio:</span> 
     </span>
     <span class='ocr_line' id='line_1_61' title="bbox 1094 684 1845 729; baseline 0.001 -12"><span class='ocrx_word' id='word_1_275' title='bbox 1094 689 1126 717; x_wconf 88' lang='lat' dir='ltr'>et</span> <span class='ocrx_word' id='word_1_276' title='bbox 1145 695 1183 717; x_wconf 81' lang='lat' dir='ltr'>ex</span> <span class='ocrx_word' id='word_1_277' title='bbox 1212 690 1301 718; x_wconf 88' lang='lat' dir='ltr'>certa</span> <span class='ocrx_word' id='word_1_278' title='bbox 1330 684 1478 726; x_wconf 86' lang='lat' dir='ltr'>scientia,</span> <span class='ocrx_word' id='word_1_279' title='bbox 1512 695 1549 718; x_wconf 90' lang='lat' dir='ltr'>ac</span> <span class='ocrx_word' id='word_1_280' title='bbox 1574 685 1613 718; x_wconf 84' lang='lat' dir='ltr'>de</span> <span class='ocrx_word' id='word_1_281' title='bbox 1646 684 1845 729; x_wconf 86' lang='lat' dir='ltr'>apostolicae</span> 
     </span>
     <span class='ocr_line' id='line_1_62' title="bbox 1095 738 1846 783; baseline 0.001 -12"><span class='ocrx_word' id='word_1_282' title='bbox 1095 738 1261 781; x_wconf 87' lang='lat' dir='ltr'>potestatis</span> <span class='ocrx_word' id='word_1_283' title='bbox 1279 738 1497 782; x_wconf 84' lang='lat' dir='ltr'>plenitudine,</span> <span class='ocrx_word' id='word_1_284' title='bbox 1528 744 1561 772; x_wconf 87' lang='lat' dir='ltr'>et</span> <span class='ocrx_word' id='word_1_285' title='bbox 1579 750 1654 772; x_wconf 87' lang='lat' dir='ltr'>cum</span> <span class='ocrx_word' id='word_1_286' title='bbox 1679 739 1846 783; x_wconf 85' lang='lat' dir='ltr'>quibusvis</span> 
     </span>
     <span class='ocr_line' id='line_1_63' title="bbox 1095 791 1847 833; baseline 0.001 -10"><span class='ocrx_word' id='word_1_287' title='bbox 1095 791 1272 832; x_wconf 85' lang='lat' dir='ltr'>irritativis,</span> <span class='ocrx_word' id='word_1_288' title='bbox 1294 792 1470 833; x_wconf 88' lang='lat' dir='ltr'>cassativis,</span> <span class='ocrx_word' id='word_1_289' title='bbox 1492 791 1693 833; x_wconf 88' lang='lat' dir='ltr'>revocativis,</span> <span class='ocrx_word' id='word_1_290' title='bbox 1720 791 1847 826; x_wconf 88' lang='lat' dir='ltr'>modifi-</span> 
     </span>
     <span class='ocr_line' id='line_1_64' title="bbox 1094 844 1846 889; baseline 0.001 -12"><span class='ocrx_word' id='word_1_291' title='bbox 1094 844 1215 885; x_wconf 87' lang='lat' dir='ltr'>cativis,</span> <span class='ocrx_word' id='word_1_292' title='bbox 1232 845 1682 889; x_wconf 83' lang='lat' dir='ltr'>praeservativis,exceptivis,</span> <span class='ocrx_word' id='word_1_293' title='bbox 1699 845 1846 879; x_wconf 87' lang='lat' dir='ltr'>declara·</span> 
     </span>
     <span class='ocr_line' id='line_1_65' title="bbox 1094 899 1847 944; baseline 0.003 -12"><span class='ocrx_word' id='word_1_294' title='bbox 1094 899 1176 940; x_wconf 79' lang='lat' dir='ltr'>uvis,</span> <span class='ocrx_word' id='word_1_295' title='bbox 1208 900 1325 933; x_wconf 88' lang='lat' dir='ltr'>mentis</span> <span class='ocrx_word' id='word_1_296' title='bbox 1344 900 1536 934; x_wconf 84' lang='lat' dir='ltr'>attestativis</span> <span class='ocrx_word' id='word_1_297' title='bbox 1566 910 1603 933; x_wconf 88' lang='lat' dir='ltr'>ac</span> <span class='ocrx_word' id='word_1_298' title='bbox 1627 900 1847 944; x_wconf 80' lang='lat' dir='ltr'>derogatoria-</span> 
     </span>
     <span class='ocr_line' id='line_1_66' title="bbox 1094 952 1846 998; baseline 0.003 -13"><span class='ocrx_word' id='word_1_299' title='bbox 1094 963 1167 986; x_wconf 91' lang='lat' dir='ltr'>rum</span> <span class='ocrx_word' id='word_1_300' title='bbox 1183 953 1396 996; x_wconf 76' lang='lat' dir='ltr'>derogatoriis</span> <span class='ocrx_word' id='word_1_301' title='bbox 1415 953 1552 998; x_wconf 89' lang='lat' dir='ltr'>aliisque</span> <span class='ocrx_word' id='word_1_302' title='bbox 1560 952 1797 987; x_wconf 86' lang='lat' dir='ltr'>efficacioribus</span> <span class='ocrx_word' id='word_1_303' title='bbox 1813 958 1846 987; x_wconf 92' lang='lat' dir='ltr'>et</span> 
     </span>
     <span class='ocr_line' id='line_1_67' title="bbox 1095 1006 1846 1051; baseline 0.003 -13"><span class='ocrx_word' id='word_1_304' title='bbox 1095 1006 1231 1040; x_wconf 88' lang='lat' dir='ltr'>insolitis</span> <span class='ocrx_word' id='word_1_305' title='bbox 1247 1007 1412 1048; x_wconf 89' lang='lat' dir='ltr'>clausulis,</span> <span class='ocrx_word' id='word_1_306' title='bbox 1435 1006 1704 1051; x_wconf 82' lang='lat' dir='ltr'>irritantibusque</span> <span class='ocrx_word' id='word_1_307' title='bbox 1723 1012 1756 1040; x_wconf 90' lang='lat' dir='ltr'>et</span> <span class='ocrx_word' id='word_1_308' title='bbox 1775 1007 1846 1040; x_wconf 86' lang='lat' dir='ltr'>aliis</span> 
     </span>
     <span class='ocr_line' id='line_1_68' title="bbox 1095 1060 1846 1104; baseline 0.003 -12"><span class='ocrx_word' id='word_1_309' title='bbox 1095 1060 1245 1099; x_wconf 85' lang='lat' dir='ltr'>decretis,</span> <span class='ocrx_word' id='word_1_310' title='bbox 1267 1061 1299 1093; x_wconf 89' lang='lat' dir='ltr'>in</span> <span class='ocrx_word' id='word_1_311' title='bbox 1320 1071 1437 1103; x_wconf 65' lang='lat' dir='ltr'>genem</span> <span class='ocrx_word' id='word_1_312' title='bbox 1456 1061 1506 1094; x_wconf 79' lang='lat' dir='ltr'>vel</span> <span class='ocrx_word' id='word_1_313' title='bbox 1522 1060 1554 1093; x_wconf 90' lang='lat' dir='ltr'>in</span> <span class='ocrx_word' id='word_1_314' title='bbox 1578 1060 1685 1104; x_wconf 88' lang='lat' dir='ltr'>specie</span> <span class='ocrx_word' id='word_1_315' title='bbox 1704 1071 1742 1094; x_wconf 88' lang='lat' dir='ltr'>ac</span> <span class='ocrx_word' id='word_1_316' title='bbox 1767 1060 1846 1094; x_wconf 87' lang='lat' dir='ltr'>alias</span> 
     </span>
     <span class='ocr_line' id='line_1_69' title="bbox 1095 1113 1843 1158; baseline 0.001 -12"><span class='ocrx_word' id='word_1_317' title='bbox 1095 1114 1352 1156; x_wconf 85' lang='lat' dir='ltr'>quomodolibet,</span> <span class='ocrx_word' id='word_1_318' title='bbox 1376 1114 1474 1147; x_wconf 83' lang='lat' dir='ltr'>etiam</span> <span class='ocrx_word' id='word_1_319' title='bbox 1504 1113 1639 1158; x_wconf 81' lang='lat' dir='ltr'>pluries,</span> <span class='ocrx_word' id='word_1_320' title='bbox 1668 1114 1843 1155; x_wconf 86' lang='lat' dir='ltr'>concessis,</span> 
     </span>
     <span class='ocr_line' id='line_1_70' title="bbox 1097 1166 1847 1211; baseline 0.001 -12"><span class='ocrx_word' id='word_1_321' title='bbox 1097 1167 1297 1200; x_wconf 85' lang='lat' dir='ltr'>confirmatis</span> <span class='ocrx_word' id='word_1_322' title='bbox 1317 1172 1349 1199; x_wconf 93' lang='lat' dir='ltr'>et</span> <span class='ocrx_word' id='word_1_323' title='bbox 1366 1166 1534 1208; x_wconf 75' lang='lat' dir='ltr'>innovatis;</span> <span class='ocrx_word' id='word_1_324' title='bbox 1555 1167 1674 1211; x_wconf 91' lang='lat' dir='ltr'>quibus</span> <span class='ocrx_word' id='word_1_325' title='bbox 1695 1167 1847 1201; x_wconf 88' lang='lat' dir='ltr'>omnibus</span> 
     </span>
     <span class='ocr_line' id='line_1_71' title="bbox 1096 1219 1847 1264; baseline 0.003 -12"><span class='ocrx_word' id='word_1_326' title='bbox 1096 1225 1127 1252; x_wconf 83' lang='lat' dir='ltr'>et</span> <span class='ocrx_word' id='word_1_327' title='bbox 1145 1220 1291 1263; x_wconf 82' lang='lat' dir='ltr'>singulis,</span> <span class='ocrx_word' id='word_1_328' title='bbox 1305 1219 1430 1253; x_wconf 86' lang='lat' dir='ltr'>etiamsi</span> <span class='ocrx_word' id='word_1_329' title='bbox 1439 1220 1472 1253; x_wconf 92' lang='lat' dir='ltr'>in</span> <span class='ocrx_word' id='word_1_330' title='bbox 1483 1220 1528 1254; x_wconf 79' lang='lat' dir='ltr'>eis</span> <span class='ocrx_word' id='word_1_331' title='bbox 1538 1225 1687 1253; x_wconf 87' lang='lat' dir='ltr'>caveatur</span> <span class='ocrx_word' id='word_1_332' title='bbox 1699 1230 1847 1264; x_wconf 78' lang='lat' dir='ltr'>expresse</span> 
     </span>
     <span class='ocr_line' id='line_1_72' title="bbox 1097 1273 1848 1316; baseline 0.001 -11"><span class='ocrx_word' id='word_1_333' title='bbox 1097 1273 1184 1316; x_wconf 89' lang='lat' dir='ltr'>quod</span> <span class='ocrx_word' id='word_1_334' title='bbox 1213 1273 1276 1306; x_wconf 88' lang='lat' dir='ltr'>illis</span> <span class='ocrx_word' id='word_1_335' title='bbox 1308 1273 1506 1314; x_wconf 83' lang='lat' dir='ltr'>nullatenus,</span> <span class='ocrx_word' id='word_1_336' title='bbox 1542 1278 1597 1306; x_wconf 88' lang='lat' dir='ltr'>aut</span> <span class='ocrx_word' id='word_1_337' title='bbox 1628 1273 1758 1306; x_wconf 88' lang='lat' dir='ltr'>nonnisi</span> <span class='ocrx_word' id='word_1_338' title='bbox 1787 1273 1848 1307; x_wconf 90' lang='lat' dir='ltr'>sub</span> 
     </span>
     <span class='ocr_line' id='line_1_73' title="bbox 1097 1326 1845 1371; baseline 0.003 -13"><span class='ocrx_word' id='word_1_339' title='bbox 1097 1327 1193 1359; x_wconf 77' lang='lat' dir='ltr'>certis</span> <span class='ocrx_word' id='word_1_340' title='bbox 1225 1326 1322 1360; x_wconf 90' lang='lat' dir='ltr'>modo</span> <span class='ocrx_word' id='word_1_341' title='bbox 1353 1332 1385 1359; x_wconf 88' lang='lat' dir='ltr'>ct</span> <span class='ocrx_word' id='word_1_342' title='bbox 1415 1327 1519 1359; x_wconf 84' lang='lat' dir='ltr'>forma</span> <span class='ocrx_word' id='word_1_343' title='bbox 1533 1326 1567 1359; x_wconf 88' lang='lat' dir='ltr'>in</span> <span class='ocrx_word' id='word_1_344' title='bbox 1586 1327 1650 1360; x_wconf 91' lang='lat' dir='ltr'>illis</span> <span class='ocrx_word' id='word_1_345' title='bbox 1670 1326 1845 1371; x_wconf 85' lang='lat' dir='ltr'>expressis,</span> 
     </span>
     <span class='ocr_line' id='line_1_74' title="bbox 1097 1379 1848 1424; baseline 0.001 -12"><span class='ocrx_word' id='word_1_346' title='bbox 1097 1380 1245 1423; x_wconf 80' lang='lat' dir='ltr'>derogari</span> <span class='ocrx_word' id='word_1_347' title='bbox 1260 1380 1371 1424; x_wconf 87' lang='lat' dir='ltr'>possit,</span> <span class='ocrx_word' id='word_1_348' title='bbox 1383 1380 1445 1420; x_wconf 89' lang='lat' dir='ltr'>vel,</span> <span class='ocrx_word' id='word_1_349' title='bbox 1460 1390 1520 1424; x_wconf 93' lang='lat' dir='ltr'>pro</span> <span class='ocrx_word' id='word_1_350' title='bbox 1531 1380 1663 1413; x_wconf 89' lang='lat' dir='ltr'>illorum</span> <span class='ocrx_word' id='word_1_351' title='bbox 1675 1379 1848 1413; x_wconf 86' lang='lat' dir='ltr'>sufficienti</span> 
     </span>
     <span class='ocr_line' id='line_1_75' title="bbox 1097 1433 1850 1478; baseline 0 -11"><span class='ocrx_word' id='word_1_352' title='bbox 1097 1434 1318 1477; x_wconf 81' lang='lat' dir='ltr'>derogatione,</span> <span class='ocrx_word' id='word_1_353' title='bbox 1341 1433 1380 1467; x_wconf 88' lang='lat' dir='ltr'>de</span> <span class='ocrx_word' id='word_1_354' title='bbox 1400 1434 1464 1467; x_wconf 92' lang='lat' dir='ltr'>illis</span> <span class='ocrx_word' id='word_1_355' title='bbox 1473 1444 1653 1478; x_wconf 89' lang='lat' dir='ltr'>eorumque</span> <span class='ocrx_word' id='word_1_356' title='bbox 1667 1434 1744 1467; x_wconf 90' lang='lat' dir='ltr'>totis</span> <span class='ocrx_word' id='word_1_357' title='bbox 1757 1438 1850 1467; x_wconf 83' lang='lat' dir='ltr'>teno-</span> 
     </span>
     <span class='ocr_line' id='line_1_76' title="bbox 1098 1487 1849 1532; baseline 0 -12"><span class='ocrx_word' id='word_1_358' title='bbox 1098 1488 1187 1521; x_wconf 83' lang='lat' dir='ltr'>ribus</span> <span class='ocrx_word' id='word_1_359' title='bbox 1207 1487 1365 1532; x_wconf 88' lang='lat' dir='ltr'>specialis‚</span> <span class='ocrx_word' id='word_1_360' title='bbox 1377 1487 1529 1531; x_wconf 86' lang='lat' dir='ltr'>specifica</span> <span class='ocrx_word' id='word_1_361' title='bbox 1542 1493 1574 1521; x_wconf 86' lang='lat' dir='ltr'>et</span> <span class='ocrx_word' id='word_1_362' title='bbox 1592 1497 1742 1531; x_wconf 81' lang='lat' dir='ltr'>expressa</span> <span class='ocrx_word' id='word_1_363' title='bbox 1756 1497 1849 1520; x_wconf 92' lang='lat' dir='ltr'>men-</span> 
     </span>
     <span class='ocr_line' id='line_1_77' title="bbox 1098 1539 1851 1585; baseline -0.001 -11"><span class='ocrx_word' id='word_1_364' title='bbox 1098 1542 1141 1575; x_wconf 91' lang='lat' dir='ltr'>lio</span> <span class='ocrx_word' id='word_1_365' title='bbox 1161 1541 1323 1582; x_wconf 84' lang='lat' dir='ltr'>habenda,</span> <span class='ocrx_word' id='word_1_366' title='bbox 1337 1551 1393 1574; x_wconf 91' lang='lat' dir='ltr'>seu</span> <span class='ocrx_word' id='word_1_367' title='bbox 1414 1541 1522 1585; x_wconf 81' lang='lat' dir='ltr'>aliqua</span> <span class='ocrx_word' id='word_1_368' title='bbox 1541 1540 1603 1574; x_wconf 88' lang='lat' dir='ltr'>alia</span> <span class='ocrx_word' id='word_1_369' title='bbox 1622 1540 1778 1584; x_wconf 82' lang='lat' dir='ltr'>exquisita</span> <span class='ocrx_word' id='word_1_370' title='bbox 1788 1539 1851 1574; x_wconf 90' lang='lat' dir='ltr'>for-</span> 
     </span>
     <span class='ocr_line' id='line_1_78' title="bbox 1100 1593 1850 1635; baseline 0 -7"><span class='ocrx_word' id='word_1_371' title='bbox 1100 1606 1150 1628; x_wconf 91' lang='lat' dir='ltr'>ma</span> <span class='ocrx_word' id='word_1_372' title='bbox 1171 1596 1210 1628; x_wconf 88' lang='lat' dir='ltr'>ad</span> <span class='ocrx_word' id='word_1_373' title='bbox 1229 1595 1292 1628; x_wconf 86' lang='lat' dir='ltr'>hoc</span> <span class='ocrx_word' id='word_1_374' title='bbox 1311 1594 1466 1627; x_wconf 78' lang='lat' dir='ltr'>servanda</span> <span class='ocrx_word' id='word_1_375' title='bbox 1482 1594 1716 1635; x_wconf 83' lang='lat' dir='ltr'>foret,tenores</span> <span class='ocrx_word' id='word_1_376' title='bbox 1735 1593 1850 1628; x_wconf 85' lang='lat' dir='ltr'>huius-</span> 
     </span>
     <span class='ocr_line' id='line_1_79' title="bbox 1101 1647 1851 1692; baseline 0 -11"><span class='ocrx_word' id='word_1_377' title='bbox 1101 1649 1186 1681; x_wconf 88' lang='lat' dir='ltr'>modi</span> <span class='ocrx_word' id='word_1_378' title='bbox 1206 1648 1430 1692; x_wconf 85' lang='lat' dir='ltr'>praesentibus</span> <span class='ocrx_word' id='word_1_379' title='bbox 1442 1658 1500 1691; x_wconf 86' lang='lat' dir='ltr'>pro</span> <span class='ocrx_word' id='word_1_380' title='bbox 1512 1647 1710 1681; x_wconf 86' lang='lat' dir='ltr'>sufficienter</span> <span class='ocrx_word' id='word_1_381' title='bbox 1720 1658 1851 1692; x_wconf 86' lang='lat' dir='ltr'>expres-</span> 
     </span>
     <span class='ocr_line' id='line_1_80' title="bbox 1101 1701 1850 1744; baseline -0.001 -9"><span class='ocrx_word' id='word_1_382' title='bbox 1101 1702 1143 1735; x_wconf 81' lang='lat' dir='ltr'>sis</span> <span class='ocrx_word' id='word_1_383' title='bbox 1162 1702 1331 1742; x_wconf 85' lang='lat' dir='ltr'>habentes,</span> <span class='ocrx_word' id='word_1_384' title='bbox 1346 1701 1409 1734; x_wconf 85' lang='lat' dir='ltr'>illis</span> <span class='ocrx_word' id='word_1_385' title='bbox 1429 1701 1507 1734; x_wconf 86' lang='lat' dir='ltr'>alias</span> <span class='ocrx_word' id='word_1_386' title='bbox 1522 1701 1555 1734; x_wconf 86' lang='lat' dir='ltr'>in</span> <span class='ocrx_word' id='word_1_387' title='bbox 1574 1711 1634 1734; x_wconf 91' lang='lat' dir='ltr'>suo</span> <span class='ocrx_word' id='word_1_388' title='bbox 1647 1701 1765 1734; x_wconf 86' lang='lat' dir='ltr'>robore</span> <span class='ocrx_word' id='word_1_389' title='bbox 1775 1711 1850 1744; x_wconf 86' lang='lat' dir='ltr'>per-</span> 
     </span>
     <span class='ocr_line' id='line_1_81' title="bbox 1102 1755 1853 1799; baseline -0.001 -11"><span class='ocrx_word' id='word_1_390' title='bbox 1102 1756 1273 1797; x_wconf 83' lang='lat' dir='ltr'>mansuris,</span> <span class='ocrx_word' id='word_1_391' title='bbox 1299 1756 1360 1789; x_wconf 90' lang='lat' dir='ltr'>hac</span> <span class='ocrx_word' id='word_1_392' title='bbox 1378 1755 1448 1788; x_wconf 84' lang='lat' dir='ltr'>vice</span> <span class='ocrx_word' id='word_1_393' title='bbox 1471 1755 1648 1795; x_wconf 80' lang='lat' dir='ltr'>dumtaxat,</span> <span class='ocrx_word' id='word_1_394' title='bbox 1668 1755 1853 1799; x_wconf 85' lang='lat' dir='ltr'>specialiter</span> 
     </span>
     <span class='ocr_line' id='line_1_82' title="bbox 1102 1807 1854 1853; baseline 0 -12"><span class='ocrx_word' id='word_1_395' title='bbox 1102 1815 1132 1842; x_wconf 85' lang='lat' dir='ltr'>et</span> <span class='ocrx_word' id='word_1_396' title='bbox 1142 1820 1289 1853; x_wconf 79' lang='lat' dir='ltr'>expresse</span> <span class='ocrx_word' id='word_1_397' title='bbox 1302 1809 1508 1852; x_wconf 79' lang='lat' dir='ltr'>derogamus,</span> <span class='ocrx_word' id='word_1_398' title='bbox 1530 1807 1701 1841; x_wconf 83' lang='lat' dir='ltr'>contrariis</span> <span class='ocrx_word' id='word_1_399' title='bbox 1719 1807 1854 1852; x_wconf 84' lang='lat' dir='ltr'>quibus-</span> 
     </span>
     <span class='ocr_line' id='line_1_83' title="bbox 1103 1861 1852 1906; baseline -0.003 -10"><span class='ocrx_word' id='word_1_400' title='bbox 1103 1868 1322 1906; x_wconf 78' lang='lat' dir='ltr'>cumque3aut</span> <span class='ocrx_word' id='word_1_401' title='bbox 1338 1862 1364 1895; x_wconf 90' lang='lat' dir='ltr'>si</span> <span class='ocrx_word' id='word_1_402' title='bbox 1379 1861 1552 1905; x_wconf 89' lang='lat' dir='ltr'>aliquibus,</span> <span class='ocrx_word' id='word_1_403' title='bbox 1571 1861 1790 1894; x_wconf 83' lang='lat' dir='ltr'>communiter</span> <span class='ocrx_word' id='word_1_404' title='bbox 1801 1861 1852 1894; x_wconf 90' lang='lat' dir='ltr'>vel</span> 
     </span>
     <span class='ocr_line' id='line_1_84' title="bbox 1103 1914 1852 1959; baseline -0.003 -10"><span class='ocrx_word' id='word_1_405' title='bbox 1103 1916 1243 1957; x_wconf 82' lang='lat' dir='ltr'>divisim,</span> <span class='ocrx_word' id='word_1_406' title='bbox 1259 1915 1299 1949; x_wconf 88' lang='lat' dir='ltr'>ab</span> <span class='ocrx_word' id='word_1_407' title='bbox 1309 1916 1420 1949; x_wconf 86' lang='lat' dir='ltr'>eadem</span> <span class='ocrx_word' id='word_1_408' title='bbox 1440 1915 1480 1948; x_wconf 91' lang='lat' dir='ltr'>sit</span> <span class='ocrx_word' id='word_1_409' title='bbox 1495 1915 1576 1948; x_wconf 86' lang='lat' dir='ltr'>Sede</span> <span class='ocrx_word' id='word_1_410' title='bbox 1592 1915 1753 1948; x_wconf 90' lang='lat' dir='ltr'>indultum</span> <span class='ocrx_word' id='word_1_411' title='bbox 1763 1914 1852 1959; x_wconf 84' lang='lat' dir='ltr'>quod</span> 
     </span>
     <span class='ocr_line' id='line_1_85' title="bbox 1103 1966 1853 2013; baseline -0.004 -10"><span class='ocrx_word' id='word_1_412' title='bbox 1103 1970 1266 2010; x_wconf 87' lang='lat' dir='ltr'>interdici,</span> <span class='ocrx_word' id='word_1_413' title='bbox 1307 1968 1460 2013; x_wconf 85' lang='lat' dir='ltr'>suspendi</span> <span class='ocrx_word' id='word_1_414' title='bbox 1496 1968 1546 2002; x_wconf 77' lang='lat' dir='ltr'>vel</span> <span class='ocrx_word' id='word_1_415' title='bbox 1576 1966 1853 2001; x_wconf 86' lang='lat' dir='ltr'>excommunicari</span> 
     </span>
     <span class='ocr_line' id='line_1_86' title="bbox 1105 2021 1854 2067; baseline -0.003 -11"><span class='ocrx_word' id='word_1_416' title='bbox 1105 2034 1169 2056; x_wconf 91' lang='lat' dir='ltr'>non</span> <span class='ocrx_word' id='word_1_417' title='bbox 1194 2024 1318 2067; x_wconf 87' lang='lat' dir='ltr'>possint</span> <span class='ocrx_word' id='word_1_418' title='bbox 1343 2033 1402 2066; x_wconf 87' lang='lat' dir='ltr'>per</span> <span class='ocrx_word' id='word_1_419' title='bbox 1420 2022 1544 2055; x_wconf 85' lang='lat' dir='ltr'>litteras</span> <span class='ocrx_word' id='word_1_420' title='bbox 1563 2021 1759 2066; x_wconf 80' lang='lat' dir='ltr'>apostolicas</span> <span class='ocrx_word' id='word_1_421' title='bbox 1787 2031 1854 2054; x_wconf 92' lang='lat' dir='ltr'>non</span> 
     </span>
     <span class='ocr_line' id='line_1_87' title="bbox 1105 2073 1853 2120; baseline -0.004 -10"><span class='ocrx_word' id='word_1_422' title='bbox 1105 2077 1260 2110; x_wconf 76' lang='lat' dir='ltr'>facie-ntes</span> <span class='ocrx_word' id='word_1_423' title='bbox 1278 2077 1407 2120; x_wconf 88' lang='lat' dir='ltr'>plenam</span> <span class='ocrx_word' id='word_1_424' title='bbox 1427 2080 1649 2119; x_wconf 80' lang='lat' dir='ltr'>etexpressam</span> <span class='ocrx_word' id='word_1_425' title='bbox 1660 2085 1697 2108; x_wconf 87' lang='lat' dir='ltr'>ac</span> <span class='ocrx_word' id='word_1_426' title='bbox 1708 2074 1747 2107; x_wconf 90' lang='lat' dir='ltr'>de</span> <span class='ocrx_word' id='word_1_427' title='bbox 1755 2073 1853 2108; x_wconf 89' lang='lat' dir='ltr'>verbo</span> 
     </span>
     <span class='ocr_line' id='line_1_88' title="bbox 1106 2127 1854 2163; baseline -0.001 -1"><span class='ocrx_word' id='word_1_428' title='bbox 1106 2130 1146 2163; x_wconf 76' lang='lat' dir='ltr'>ad</span> <span class='ocrx_word' id='word_1_429' title='bbox 1164 2131 1299 2163; x_wconf 87' lang='lat' dir='ltr'>verbum</span> <span class='ocrx_word' id='word_1_430' title='bbox 1315 2130 1355 2163; x_wconf 92' lang='lat' dir='ltr'>de</span> <span class='ocrx_word' id='word_1_431' title='bbox 1375 2129 1503 2163; x_wconf 90' lang='lat' dir='ltr'>indulto</span> <span class='ocrx_word' id='word_1_432' title='bbox 1512 2128 1697 2162; x_wconf 85' lang='lat' dir='ltr'>huiusmodi</span> <span class='ocrx_word' id='word_1_433' title='bbox 1713 2127 1854 2162; x_wconf 87' lang='lat' dir='ltr'>mentio-</span> 
     </span>
     <span class='ocr_line' id='line_1_89' title="bbox 1108 2193 1193 2216; baseline 0 0"><span class='ocrx_word' id='word_1_434' title='bbox 1108 2193 1193 2216; x_wconf 84' lang='lat' dir='ltr'>nem.</span> 
     </span>
    </p>

    <p class='ocr_par' dir='ltr' id='par_1_17' title="bbox 1154 2234 1855 2281">
     <span class='ocr_line' id='line_1_90' title="bbox 1154 2234 1855 2281; baseline -0.004 -11"><span class='ocrx_word' id='word_1_435' title='bbox 1154 2238 1168 2281; x_wconf 62' lang='grc' dir='ltr'>ξ</span> <span class='ocrx_word' id='word_1_436' title='bbox 1187 2237 1241 2271; x_wconf 63' lang='lat'>29.</span> <span class='ocrx_word' id='word_1_437' title='bbox 1253 2237 1435 2270; x_wconf 88' lang='lat' dir='ltr'>Praesentis</span> <span class='ocrx_word' id='word_1_438' title='bbox 1445 2242 1554 2270; x_wconf 79' lang='lat' dir='ltr'>autem</span> <span class='ocrx_word' id='word_1_439' title='bbox 1570 2234 1810 2270; x_wconf 88' lang='lat' dir='ltr'>constitutionis</span> <span class='ocrx_word' id='word_1_440' title='bbox 1824 2239 1855 2268; x_wconf 88' lang='lat' dir='ltr'>et</span> 
     </span>
    </p>
   </div>
   <div class='ocr_carea' id='block_1_14' title="bbox 1865 2275 1946 2296">
    <p class='ocr_par' dir='ltr' id='par_1_18' title="bbox 1865 2275 1946 2296">
     <span class='ocr_line' id='line_1_91' title="bbox 1865 2275 1946 2296; baseline -0.025 0"><span class='ocrx_word' id='word_1_441' title='bbox 1865 2275 1946 2296; x_wconf 77' lang='lat' dir='ltr'>tionem</span> 
     </span>
    </p>
   </div>
   <div class='ocr_carea' id='block_1_15' title="bbox 1872 0 2059 2262">
    <p class='ocr_par' dir='ltr' id='par_1_19' title="bbox 1872 0 2059 2262">
     <span class='ocr_line' id='line_1_92' title="bbox 1872 0 2059 2262; baseline 0 0"><span class='ocrx_word' id='word_1_442' title='bbox 1872 0 2059 2262; x_wconf 95' lang='lat' dir='ltr'> </span> 
     </span>
    </p>
   </div>
   <div class='ocr_carea' id='block_1_16' title="bbox 1904 2227 1983 2264">
    <p class='ocr_par' dir='ltr' id='par_1_20' title="bbox 1904 2227 2022 2266">
     <span class='ocr_line' id='line_1_93' title="bbox 1904 2227 1983 2264; baseline -0.008 0"><span class='ocrx_word' id='word_1_443' title='bbox 1904 2241 1953 2264; x_wconf 76' lang='lat' dir='ltr'>Com</span> <span class='ocrx_word' id='word_1_444' title='bbox 1966 2253 1967 2256; x_wconf 69' lang='lat'><em>=</em></span> <span class='ocrx_word' id='word_1_445' title='bbox 1979 2227 1983 2241; x_wconf 35' lang='grc' dir='ltr'><strong><em>ἐ</em></strong></span> 
     </span>
    </p>
   </div>
   <div class='ocr_carea' id='block_1_17' title="bbox 316 2288 2046 2394">
    <p class='ocr_par' dir='ltr' id='par_1_21' title="bbox 316 2288 2046 2394">
     <span class='ocr_line' id='line_1_94' title="bbox 316 2288 2046 2341; baseline -0.002 -11"><span class='ocrx_word' id='word_1_446' title='bbox 316 2297 436 2330; x_wconf 85' lang='lat' dir='ltr'>latione</span> <span class='ocrx_word' id='word_1_447' title='bbox 457 2297 645 2341; x_wconf 78' lang='lat' dir='ltr'>postposita,</span> <span class='ocrx_word' id='word_1_448' title='bbox 657 2297 905 2341; x_wconf 86' lang='lat' dir='ltr'>compescendo.</span> <span class='ocrx_word' id='word_1_449' title='bbox 920 2295 1068 2328; x_wconf 79' lang='lat' dir='ltr'>Invocato</span> <span class='ocrx_word' id='word_1_450' title='bbox 1109 2291 1232 2333; x_wconf 68' lang='lat' dir='ltr'>gratiae</span> <span class='ocrx_word' id='word_1_451' title='bbox 1253 2290 1584 2323; x_wconf 66' lang='lat' dir='ltr'>communicationem</span> <span class='ocrx_word' id='word_1_452' title='bbox 1601 2288 1753 2322; x_wconf 69' lang='lat' dir='ltr'>omnibus</span> <span class='ocrx_word' id='word_1_453' title='bbox 1769 2288 1853 2330; x_wconf 65' lang='lat' dir='ltr'>aliis,</span> <span class='ocrx_word' id='word_1_454' title='bbox 1865 2306 1979 2332; x_wconf 57' lang='lat' dir='ltr'>granum</span> <span class='ocrx_word' id='word_1_455' title='bbox 2043 2294 2046 2295; x_wconf 47' lang='lat'><em>⁷</em></span> 
     </span>
     <span class='ocr_line' id='line_1_95' title="bbox 319 2341 1855 2394; baseline -0.003 -15"><span class='ocrx_word' id='word_1_456' title='bbox 319 2350 415 2383; x_wconf 74' lang='lat' dir='ltr'>etiam</span> <span class='ocrx_word' id='word_1_457' title='bbox 437 2351 475 2384; x_wconf 80' lang='lat' dir='ltr'>ad</span> <span class='ocrx_word' id='word_1_458' title='bbox 495 2351 570 2392; x_wconf 74' lang='lat' dir='ltr'>hoc,</span> <span class='ocrx_word' id='word_1_459' title='bbox 592 2351 618 2384; x_wconf 77' lang='lat' dir='ltr'>si</span> <span class='ocrx_word' id='word_1_460' title='bbox 639 2361 721 2394; x_wconf 81' lang='lat' dir='ltr'>opus</span> <span class='ocrx_word' id='word_1_461' title='bbox 740 2350 851 2390; x_wconf 67' lang='lat' dir='ltr'>suerit,</span> <span class='ocrx_word' id='word_1_462' title='bbox 872 2349 1071 2383; x_wconf 70' lang='lat' dir='ltr'>auxiliohm-</span> <span class='ocrx_word' id='word_1_463' title='bbox 1111 2344 1206 2377; x_wconf 84' lang='lat' dir='ltr'>etiam</span> <span class='ocrx_word' id='word_1_464' title='bbox 1229 2343 1286 2387; x_wconf 84' lang='lat' dir='ltr'>qui</span> <span class='ocrx_word' id='word_1_465' title='bbox 1306 2355 1363 2377; x_wconf 89' lang='lat' dir='ltr'>sua</span> <span class='ocrx_word' id='word_1_466' title='bbox 1382 2343 1550 2387; x_wconf 77' lang='lat' dir='ltr'>privilegia</span> <span class='ocrx_word' id='word_1_467' title='bbox 1569 2353 1643 2376; x_wconf 89' lang='lat' dir='ltr'>cum</span> <span class='ocrx_word' id='word_1_468' title='bbox 1663 2342 1731 2386; x_wconf 83' lang='lat' dir='ltr'>ipsa</span> <span class='ocrx_word' id='word_1_469' title='bbox 1747 2341 1855 2375; x_wconf 81' lang='lat' dir='ltr'>Socie-</span> 
     </span>
    </p>
   </div>
   <div class='ocr_carea' id='block_1_18' title="bbox 320 2399 584 2433">
    <p class='ocr_par' dir='ltr' id='par_1_22' title="bbox 320 2399 584 2433">
     <span class='ocr_line' id='line_1_96' title="bbox 320 2399 584 2433; baseline 0 -1"><span class='ocrx_word' id='word_1_470' title='bbox 320 2399 385 2432; x_wconf 89' lang='lat' dir='ltr'>chii</span> <span class='ocrx_word' id='word_1_471' title='bbox 399 2400 584 2433; x_wconf 85' lang='lat' dir='ltr'>saecularis.</span> 
     </span>
    </p>
   </div>
   <div class='ocr_carea' id='block_1_19' title="bbox 1114 2390 1857 2436">
    <p class='ocr_par' dir='ltr' id='par_1_23' title="bbox 1114 2390 1857 2436">
     <span class='ocr_line' id='line_1_97' title="bbox 1114 2390 1857 2436; baseline -0.003 -10"><span class='ocrx_word' id='word_1_472' title='bbox 1114 2399 1177 2426; x_wconf 84' lang='lat' dir='ltr'>tate</span> <span class='ocrx_word' id='word_1_473' title='bbox 1210 2392 1339 2436; x_wconf 87' lang='lat' dir='ltr'>copiose</span> <span class='ocrx_word' id='word_1_474' title='bbox 1367 2392 1563 2436; x_wconf 83' lang='lat' dir='ltr'>participant</span> <span class='ocrx_word' id='word_1_475' title='bbox 1597 2390 1857 2436; x_wconf 83' lang='lat' dir='ltr'>participareque</span> 
     </span>
    </p>
   </div>
   <div class='ocr_carea' id='block_1_20' title="bbox 179 2438 1858 2541">
    <p class='ocr_par' dir='ltr' id='par_1_24' title="bbox 179 2438 1858 2541">
     <span class='ocr_line' id='line_1_98' title="bbox 365 2438 1858 2491; baseline -0.001 -9"><span class='ocrx_word' id='word_1_476' title='bbox 365 2449 380 2491; x_wconf 68' lang='grc' dir='ltr'><strong>ἓ</strong></span> <span class='ocrx_word' id='word_1_477' title='bbox 399 2449 452 2482; x_wconf 68' lang='lat'>28.</span> <span class='ocrx_word' id='word_1_478' title='bbox 479 2449 548 2482; x_wconf 87' lang='lat' dir='ltr'>Non</span> <span class='ocrx_word' id='word_1_479' title='bbox 565 2449 771 2482; x_wconf 86' lang='lat' dir='ltr'>obstantibus</span> <span class='ocrx_word' id='word_1_480' title='bbox 789 2448 981 2482; x_wconf 88' lang='lat' dir='ltr'>recolendae</span> <span class='ocrx_word' id='word_1_481' title='bbox 1002 2458 1070 2481; x_wconf 90' lang='lat' dir='ltr'>me-</span> <span class='ocrx_word' id='word_1_482' title='bbox 1114 2446 1269 2485; x_wconf 72' lang='grc' dir='ltr'>ΡθῑθῐἯΠῐ</span> <span class='ocrx_word' id='word_1_483' title='bbox 1289 2440 1534 2484; x_wconf 58' lang='grc' dir='ltr'>(ΙὶῑῡῐἨΟᾶΟῙῑῧθ-’ῑ</span> <span class='ocrx_word' id='word_1_484' title='bbox 1549 2440 1582 2473; x_wconf 72' lang='lat' dir='ltr'>in</span> <span class='ocrx_word' id='word_1_485' title='bbox 1602 2440 1761 2480; x_wconf 70' lang='lat' dir='ltr'>futurum,</span> <span class='ocrx_word' id='word_1_486' title='bbox 1787 2438 1858 2472; x_wconf 65' lang='lat' dir='ltr'>fieri</span> 
     </span>
     <span class='ocr_line' id='line_1_99' title="bbox 179 2490 1494 2541; baseline 0 -13"><span class='ocrx_word' id='word_1_487' title='bbox 179 2502 302 2528; x_wconf 64' lang='lat' dir='ltr'>contrariis</span> <span class='ocrx_word' id='word_1_488' title='bbox 322 2497 442 2529; x_wconf 85' lang='lat' dir='ltr'>moriae</span> <span class='ocrx_word' id='word_1_489' title='bbox 463 2498 617 2530; x_wconf 75' lang='lat' dir='ltr'>Bonifa·:ii</span> <span class='ocrx_word' id='word_1_490' title='bbox 635 2499 738 2541; x_wconf 83' lang='lat' dir='ltr'>Papae</span> <span class='ocrx_word' id='word_1_491' title='bbox 757 2498 834 2537; x_wconf 82' lang='lat' dir='ltr'>vul,</span> <span class='ocrx_word' id='word_1_492' title='bbox 855 2508 937 2540; x_wconf 84' lang='lat' dir='ltr'>quae</span> <span class='ocrx_word' id='word_1_493' title='bbox 962 2497 1073 2540; x_wconf 83' lang='lat' dir='ltr'>incipit</span> <span class='ocrx_word' id='word_1_494' title='bbox 1114 2491 1246 2524; x_wconf 73' lang='lat' dir='ltr'>omnino</span> <span class='ocrx_word' id='word_1_495' title='bbox 1273 2490 1494 2533; x_wconf 70' lang='lat' dir='ltr'>pl&#39;OhibsssssUS·</span> 
     </span>
    </p>
   </div>
   <div class='ocr_carea' id='block_1_21' title="bbox 324 2545 1070 2591">
    <p class='ocr_par' dir='ltr' id='par_1_25' title="bbox 324 2545 1070 2591">
     <span class='ocr_line' id='line_1_100' title="bbox 324 2545 1070 2591; baseline -0.001 -13"><span class='ocrx_word' id='word_1_496' title='bbox 324 2545 415 2587; x_wconf 79' lang='lat' dir='ltr'>Quod</span> <span class='ocrx_word' id='word_1_497' title='bbox 432 2551 554 2587; x_wconf 79' lang='lat' dir='ltr'>votum,</span> <span class='ocrx_word' id='word_1_498' title='bbox 577 2553 608 2580; x_wconf 88' lang='lat' dir='ltr'>ct</span> <span class='ocrx_word' id='word_1_499' title='bbox 628 2548 698 2581; x_wconf 85' lang='lat' dir='ltr'>aliis</span> <span class='ocrx_word' id='word_1_500' title='bbox 715 2547 900 2591; x_wconf 71' lang='lat' dir='ltr'>apostolicis</span> <span class='ocrx_word' id='word_1_501' title='bbox 915 2547 1070 2580; x_wconf 87' lang='lat' dir='ltr'>constitu-</span> 
     </span>
    </p>
   </div>
   <div class='ocr_carea' id='block_1_22' title="bbox 1159 2535 1858 2583">
    <p class='ocr_par' dir='ltr' id='par_1_26' title="bbox 1159 2535 1858 2583">
     <span class='ocr_line' id='line_1_101' title="bbox 1159 2535 1858 2583; baseline -0.007 -10"><span class='ocrx_word' id='word_1_502' title='bbox 1159 2540 1173 2583; x_wconf 65' lang='grc' dir='ltr'>ξ</span> <span class='ocrx_word' id='word_1_503' title='bbox 1192 2539 1247 2573; x_wconf 82' lang='grc'>30.</span> <span class='ocrx_word' id='word_1_504' title='bbox 1269 2539 1418 2572; x_wconf 87' lang='lat' dir='ltr'>Ceterum</span> <span class='ocrx_word' id='word_1_505' title='bbox 1429 2539 1578 2571; x_wconf 85' lang='lat' dir='ltr'>volumus</span> <span class='ocrx_word' id='word_1_506' title='bbox 1594 2535 1858 2582; x_wconf 79' lang='lat' dir='ltr'>utpraesentium</span> 
     </span>
    </p>
   </div>
   <div class='ocr_carea' id='block_1_23' title="bbox 323 2591 1860 2638">
    <p class='ocr_par' dir='ltr' id='par_1_27' title="bbox 323 2591 1860 2638">
     <span class='ocr_line' id='line_1_102' title="bbox 323 2591 1860 2638; baseline -0.003 -10"><span class='ocrx_word' id='word_1_507' title='bbox 323 2594 467 2629; x_wconf 88' lang='lat' dir='ltr'>tionibus</span> <span class='ocrx_word' id='word_1_508' title='bbox 471 2606 480 2637; x_wconf 76' lang='lat'>3</span> <span class='ocrx_word' id='word_1_509' title='bbox 491 2606 527 2629; x_wconf 85' lang='lat' dir='ltr'>ac</span> <span class='ocrx_word' id='word_1_510' title='bbox 539 2596 638 2630; x_wconf 87' lang='lat' dir='ltr'>etiam</span> <span class='ocrx_word' id='word_1_511' title='bbox 648 2597 788 2631; x_wconf 87' lang='lat' dir='ltr'>aliorum</span> <span class='ocrx_word' id='word_1_512' title='bbox 798 2595 967 2638; x_wconf 89' lang='lat' dir='ltr'>Ordinum,</span> <span class='ocrx_word' id='word_1_513' title='bbox 990 2595 1074 2628; x_wconf 83' lang='lat' dir='ltr'>iura-</span> <span class='ocrx_word' id='word_1_514' title='bbox 1117 2593 1338 2638; x_wconf 74' lang='lat' dir='ltr'>transumptis,</span> <span class='ocrx_word' id='word_1_515' title='bbox 1349 2592 1445 2626; x_wconf 85' lang='lat' dir='ltr'>etiam</span> <span class='ocrx_word' id='word_1_516' title='bbox 1458 2591 1633 2636; x_wconf 88' lang='lat' dir='ltr'>impressis,</span> <span class='ocrx_word' id='word_1_517' title='bbox 1647 2600 1744 2624; x_wconf 85' lang='lat' dir='ltr'>manu</span> <span class='ocrx_word' id='word_1_518' title='bbox 1753 2599 1860 2624; x_wconf 81' lang='lat' dir='ltr'>secre-</span> 
     </span>
    </p>
   </div>
   <div class='ocr_carea' id='block_1_24' title="bbox 1866 2335 1966 2362">
    <p class='ocr_par' dir='ltr' id='par_1_28' title="bbox 1866 2335 1966 2362">
     <span class='ocr_line' id='line_1_103' title="bbox 1866 2335 1966 2362; baseline 0.01 -5"><span class='ocrx_word' id='word_1_519' title='bbox 1866 2335 1966 2362; x_wconf 70' lang='lat' dir='ltr'>deneg-²3</span> 
     </span>
    </p>
   </div>
   <div class='ocr_carea' id='block_1_25' title="bbox 1885 2262 2059 2552">
    <p class='ocr_par' dir='ltr' id='par_1_29' title="bbox 1885 2262 2059 2552">
     <span class='ocr_line' id='line_1_104' title="bbox 1885 2262 2059 2552; baseline 0 -185"><span class='ocrx_word' id='word_1_520' title='bbox 1885 2262 2059 2552; x_wconf 95' lang='lat' dir='ltr'>    </span> 
     </span>
    </p>
   </div>
   <div class='ocr_carea' id='block_1_26' title="bbox 1904 2540 2033 2572">
    <p class='ocr_par' dir='ltr' id='par_1_30' title="bbox 1904 2540 2033 2572">
     <span class='ocr_line' id='line_1_105' title="bbox 1904 2540 2033 2572; baseline 0 0"><span class='ocrx_word' id='word_1_521' title='bbox 1904 2550 1958 2572; x_wconf 71' lang='lat' dir='ltr'>Tm</span> <span class='ocrx_word' id='word_1_522' title='bbox 1983 2540 1993 2553; x_wconf 17' lang='grc' dir='ltr'>η’</span> <span class='ocrx_word' id='word_1_523' title='bbox 2023 2551 2033 2566; x_wconf 54' lang='grc' dir='ltr'>Γ</span> 
     </span>
    </p>
   </div>
   <div class='ocr_carea' id='block_1_27' title="bbox 1872 2574 2031 2618">
    <p class='ocr_par' dir='ltr' id='par_1_31' title="bbox 1872 2574 2031 2618">
     <span class='ocr_line' id='line_1_106' title="bbox 1872 2574 2031 2618; baseline -0.006 -14"><span class='ocrx_word' id='word_1_524' title='bbox 1872 2582 1930 2606; x_wconf 73' lang='lat' dir='ltr'>erodi</span> <span class='ocrx_word' id='word_1_525' title='bbox 1945 2574 2031 2618; x_wconf 47' lang='grc' dir='ltr'>ποιῇ-ιι-</span> 
     </span>
    </p>
   </div>
  </div>
 </body>
</html>
