2059 3228
142 220 194 249 An.
211 220 240 248 C.
258 222 323 250 1587

381 212 445 246 994

337 273 489 311 litai-ium,
511 271 742 316 possidentium
764 276 794 305 et
812 281 877 305 non
910 271 1077 316 possiden-

334 325 425 365 tium,
446 325 584 358 cuiusvis
603 326 733 359 demum
753 325 883 358 Ordinis
902 325 977 365 sint,
1000 335 1077 357 con-

334 378 505 418 troversiis,
546 378 800 412 dubitationibus
837 377 1079 412 consultationi-

333 431 456 475 busque
490 431 663 476 propositis
697 432 923 476 respondeant.
964 432 1079 465 Causas

333 495 419 523 vero,
455 496 535 529 quas
568 485 652 519 inter
687 486 772 530 ipsos
806 486 971 528 religiosos
1000 485 1078 519 oriri

312 538 316 541 ’
333 538 515 580 contigerit,
538 539 625 572 iuxta
643 549 923 583 quarumcumque
938 538 1078 582 Religio-

333 600 409 622 num
431 591 575 625 instituta
609 602 788 635 eorumque
822 591 1076 636 dispositionem,

333 644 517 686 superiores
537 644 667 677 illorum
696 645 850 679 definiant
883 651 978 688 atque
1012 651 1077 678 ter·

334 695 466 729 minent.
490 697 570 730 Dum
600 704 705 731 autem
740 698 822 731 inter
852 698 1020 742 episcopos
1048 705 1080 731 et

333 749 497 792 regulares
526 751 744 784 dubitationes
777 751 961 791 inciderint,
994 762 1078 794 quae

333 801 393 834 sub
412 802 616 837 decretorum
633 803 762 837 concilii
778 803 956 837 Tridentini
969 804 1076 848 dispo-

332 854 447 889 sitione
482 861 537 889 aut
569 857 832 901 interpretatione
865 858 1078 901 comprehen-

333 908 462 946 dantur,
489 920 543 942 eas
561 910 600 943 ad
621 911 767 944 eamdem
796 911 1078 954 congregationem

333 962 462 995 concilii
483 963 659 997 remittant.
685 963 823 997 Audiant
844 964 955 997 itidem
975 975 1011 998 ac
1026 964 1079 998 de-

333 1015 441 1048 cidant
460 1016 616 1060 praedicti
630 1018 809 1051 cardinales
822 1028 935 1051 causas
954 1024 985 1051 et
1004 1029 1079 1052 con-

332 1068 501 1102 troversias
521 1069 604 1103 inter
631 1070 811 1113 praedictos
844 1071 976 1104 Ordines
1006 1083 1078 1105 ver-

333 1127 447 1162 tenteS,
469 1123 533 1156 sive
551 1124 584 1156 in
595 1124 783 1157 universum
794 1125 859 1158 sive
871 1125 993 1159 ratione
1008 1136 1079 1170 par-

333 1174 516 1208 ticularium
547 1177 705 1216 locorum,
736 1176 913 1210 dummodo
942 1177 1078 1211 formam

334 1228 536 1261 iudiciariam
548 1239 613 1262 non
628 1229 807 1272 requirant.
825 1229 1038 1264 Concedimus
1049 1243 1079 1265 e·
1105 1254 1107 1258 ,

335 1281 410 1314 tiam
428 1287 463 1315 ut
472 1282 563 1315 dictis
575 1282 789 1325 regularibus,
799 1294 863 1316 non
874 1284 913 1317 ad
925 1284 1078 1319 laxiorem

333 1345 394 1368 nec
413 1335 453 1368 ad
473 1346 594 1378 parem,
622 1336 676 1369 sed
697 1337 736 1369 ad
756 1336 927 1370 arctiorem
954 1337 1066 1380 religio

333 1398 408 1421 nem
429 1390 630 1429 transeundi,
653 1389 689 1421 iis
709 1400 790 1433 quos
806 1390 930 1423 fervore
950 1391 1080 1434 spiritus

335 1441 483 1474 incensos
503 1442 542 1474 ad
558 1443 758 1486 perfectioris
770 1443 851 1476 vitae
862 1449 977 1476 statum
995 1450 1081 1478 tran-

335 1494 398 1526 sire
428 1495 510 1528 velle
539 1495 740 1535 constiterit,
779 1506 844 1528 non
881 1496 1080 1530 obstantibus

335 1546 594 1591 quibuscumque
633 1549 918 1592 praedecessorum
956 1555 1082 1584 nostro-

336 1611 409 1634 rum
429 1600 577 1642 decretis,
598 1601 762 1635 licentiam
783 1603 859 1636 dare
880 1604 1011 1647 possint.
1039 1604 1080 1636 A·

336 1659 535 1697 postatarum
557 1665 702 1698 quoque,
723 1656 900 1689 eiectorum
921 1663 951 1690 et
966 1663 1081 1700 praete-

337 1716 391 1739 rea
410 1712 497 1740 extra
517 1709 711 1741 monasteria
730 1709 915 1751 degentium
947 1717 1001 1743 aut
1028 1721 1081 1743 va-

337 1759 480 1802 gantium
492 1771 621 1794 causam
640 1761 736 1795 iidem
753 1762 931 1795 cardinales
950 1763 1080 1796 audiant

336 1819 367 1846 et
385 1820 590 1856 cognoscant,
612 1825 730 1858 eosque
751 1816 920 1848 coercendi
941 1822 1081 1860 potesta·

337 1872 403 1899 tem
419 1867 567 1900 habeant..
587 1867 704 1901 Curent
718 1874 874 1913 pi·aete1·ea
894 1868 1082 1903 visitationis

337 1919 533 1963 apostolicae
554 1921 649 1961 iussa,
670 1927 697 1954 et
720 1922 962 1955 constitutiones
982 1923 1082 1956 editas

338 1983 355 2004 a
375 1972 528 2006 Romanis
551 1974 762 2008 Pontificibus
782 1975 867 2008 circa
889 1976 974 2019 ipsos
993 1987 1082 2019 regu-

338 2026 421 2059 lares
449 2027 651 2070 exequendas
684 2034 714 2061 et
748 2029 780 2061 in
811 2039 903 2061 usum
938 2029 1082 2062 introdu-

338 2078 467 2112 cendas.
490 2079 679 2114 Provideant
691 2082 822 2125 insuper
839 2083 1001 2125 regulares
1013 2083 1081 2115 lau—

338 2131 431 2165 datae
450 2131 543 2173 vitae,
565 2134 632 2166 zelo
652 2134 705 2167 Dei
727 2141 755 2167 et
777 2135 886 2168 salutis
903 2136 1082 2168 animarum

340 2190 372 2216 et
390 2185 561 2228 prudentia
581 2187 712 2230 spiritus
732 2188 904 2230 praeditos,
928 2189 1083 2222 instituto-

341 2248 478 2281 rumque
499 2239 696 2282 regularium
727 2240 855 2274 Ordinis
885 2248 914 2274 et
939 2241 1107 2274 laudabi—·

339 2289 419 2323 lium
454 2292 724 2325 consuetudinum
756 2293 977 2337 peritissimos,
1016 2295 1082 2337 qui,

341 2353 414 2375 cum
440 2345 613 2378 necessitas
645 2346 796 2389 exegerit,
833 2347 1012 2391 proxincias
1036 2349 1084 2380 sui

339 2391 478 2431 Ordinis,
505 2399 535 2426 et
564 2404 628 2426 non
656 2395 800 2435 alterius,
832 2397 969 2440 receptis
989 2407 1005 2428 a
1027 2407 1084 2429 no—

339 2439 389 2472 bis
413 2440 537 2481 litteris,
559 2442 598 2474 ad
618 2443 846 2486 omnipotentis
876 2444 930 2477 Dei
956 2445 1083 2478 laudem

340 2493 371 2519 et
388 2488 532 2522 locorum
553 2491 733 2532 utilitatem,
763 2492 936 2526 salubriter
959 2493 1084 2527 visitare

340 2536 474 2568 valeant.
497 2537 563 2570 Sub
584 2539 713 2572 nomine
743 2547 849 2574 autem
886 2543 1084 2584 regularium

341 2584 434 2616 etiam
457 2586 622 2627 moniales,
645 2587 783 2622 cuiusvis
814 2589 874 2622 sint
903 2591 1031 2635 regulae
1056 2597 1086 2625 et

925 219 1103 244 BULLARIUM
1128 218 1277 243 ROMANl'M

1117 270 1348 309 observantiae,
1371 269 1600 312 comprehendi
1627 270 1785 303 volumus.
1817 267 1858 301 0-

1118 334 1192 357 mne
1211 323 1350 367 denique
1363 323 1503 355 studium
1524 323 1702 356 cardinales
1721 322 1781 366 ipsi
1798 322 1860 354 im-

1118 377 1258 421 pendant
1277 382 1310 409 ut
1329 375 1369 408 ab
1388 374 1594 408 inferioribus
1614 386 1688 417 erga
1711 375 1859 419 superio-

1118 440 1168 463 res
1188 429 1293 462 debita
1316 429 1481 462 humilitas
1505 434 1537 461 et
1555 428 1747 468 obedientia,
1769 439 1805 461 ac
1818 428 1860 460 vi-

1118 483 1223 516 cissim
1245 494 1262 516 a
1285 482 1506 526 superioribus
1526 491 1601 524 erga
1628 481 1699 514 illos
1727 487 1860 525 paterna

1117 536 1339 570 benevolentia
1360 537 1392 569 in
1412 538 1514 569 multa
1540 535 1672 569 caritate
1701 539 1732 567 et
1763 534 1860 567 disci—

1118 590 1217 633 plina,
1232 591 1264 623 in
1275 590 1390 634 spiritu
1407 589 1548 623 lenitatis
1565 588 1766 628 adhibeatur,
1783 597 1861 621 neve

1118 644 1325 677 dominentur
1344 644 1428 677 inter
1446 644 1572 683 fratres,
1593 643 1648 676 sed
1679 640 1862 685 superiores

1118 697 1176 740 ipsi
1197 704 1303 741 patres
1322 708 1356 730 se
1375 708 1443 730 esse
1463 696 1680 730 meminerint.
1695 695 1862 728 Postremo

1118 751 1246 784 eosdem
1272 750 1450 783 cardinales
1467 749 1559 793 quasi
1578 749 1804 792 religiosorum
1829 759 1864 781 o-

1119 804 1242 837 mnium
1262 804 1457 837 tutissimum
1481 803 1664 848 perfugium
1684 813 1752 835 esse
1770 802 1862 835 volu-

1119 868 1201 898 mus,
1224 863 1259 891 ut
1279 869 1391 891 eorum
1412 857 1605 891 auctoritate
1629 862 1660 890 et
1683 856 1802 890 auxilio
1814 867 1862 889 re-

1118 911 1228 952 creati,
1261 911 1403 944 studium
1429 911 1597 953 religiosae
1619 910 1701 943 vitae
1721 915 1752 943 et
1769 920 1863 953 regu-

1118 964 1193 997 laris
1213 965 1417 1008 perfectionis
1441 965 1509 997 sine
1529 964 1761 1008 impedimento
1780 969 1861 996 stre-

1118 1029 1181 1050 nue
1202 1023 1405 1061 percurrant.

1119 1098 1331 1141 Conyreqatio
1355 1097 1540 1130 duodecima
1570 1107 1628 1140 pro
1654 1097 1862 1131 consultatio-

1223 1151 1318 1183 nibus
1335 1151 1551 1194 episcoporum
1568 1153 1597 1182 et
1616 1149 1757 1183 aliorum

1369 1203 1603 1248 praelatorum.

1161 1284 1198 1318 Et
1221 1294 1280 1318 nos
1303 1284 1432 1327 quidem
1451 1294 1489 1317 ex
1508 1283 1703 1328 apostolicae
1726 1284 1860 1318 servitu-

1118 1338 1158 1371 tis
1195 1337 1315 1378 officio,
1341 1336 1491 1371 omnihus
1525 1337 1790 1371 christifidelibus
1821 1338 1861 1371 ad

1117 1392 1375 1425 aedificationem
1400 1391 1561 1424 debitores
1590 1401 1714 1430 sumuS,
1743 1391 1799 1424 sed
1817 1397 1863 1424 ta—

1118 1455 1193 1478 men
1218 1445 1392 1489 praecipuo
1412 1444 1553 1478 caritatis
1577 1444 1694 1478 affectu
1718 1444 1751 1477 in
1769 1444 1862 1477 Chri·

1119 1503 1168 1530 sto
1188 1498 1437 1542 complectimur
1455 1497 1652 1531 venerabiles
1671 1498 1784 1531 fratres
1803 1508 1862 1531 no-

1120 1556 1201 1584 stros
1220 1551 1428 1584 ecclesiarum
1456 1551 1620 1594 praesules
1648 1556 1678 1583 et
1705 1555 1861 1594 pastores,

1119 1604 1174 1648 qui
1191 1615 1226 1638 ex
1244 1610 1415 1648 praecepto
1435 1604 1575 1648 Apostoli
1590 1604 1730 1647 vigilant,
1748 1604 1781 1637 in
1797 1615 1864 1637 om·

1122 1658 1214 1690 nibus
1230 1658 1388 1697 laborant,
1407 1657 1687 1700 ministeriumque
1699 1667 1793 1690 suurn
1804 1657 1864 1690 im-

1122 1712 1220 1755 plent.

1164 1763 1220 1807 §l
1236 1763 1353 1804 Quare,
1367 1763 1452 1796 utab
1468 1763 1650 1806 Apostolica
1659 1762 1750 1804 Sede,
1761 1773 1863 1807 aqua,

1120 1823 1284 1860 tamquam
1315 1828 1333 1850 a
1362 1822 1476 1858 matre,
1506 1817 1663 1850 honorem
1683 1822 1716 1849 et
1734 1817 1863 1850 iurisdi-

1121 1871 1259 1903 ctionem
1280 1874 1487 1914 acceperunt,
1509 1869 1581 1909 sibi,
1601 1880 1675 1903 cum
1696 1880 1778 1913 opus
1794 1869 1865 1910 erit,

1121 1923 1275 1956 auxilium
1296 1922 1557 1966 praesidiumque
1570 1928 1716 1966 paratum
1732 1934 1801 1956 esse
1816 1923 1866 1956 in-

1121 1977 1276 2018 telligant,
1303 1982 1338 2008 ut
1371 1986 1483 2019 greges
1516 1970 1598 2008 suos*
1615 1981 1702 2008 tanto
1724 1976 1867 2009 fructuo-

1122 2030 1188 2062 sius
1209 2035 1353 2072 pascant,
1374 2029 1520 2072 quinque
1548 2028 1658 2062 itidem
1689 2029 1868 2062 cardinales

1122 2082 1352 2125 praeponimus
1394 2082 1621 2125 episcoporum
1658 2087 1690 2115 et
1727 2082 1867 2115 aliorum

1124 2136 1342 2178 praelatorum
1367 2134 1657 2168 consultationibus
1684 2135 1864 2168 audiendis.

1122 2188 1265 2228 Quorum
1286 2189 1347 2222 erit
1366 2189 1510 2229 facultas,
1538 2195 1573 2221 ut
1597 2189 1865 2232 patriarcharum,

1124 2242 1334 2285 primatuum,
1350 2241 1683 2286 archiepiscoporum,
1698 2241 1866 2285 episcopo-

1125 2306 1208 2336 rum,
1231 2295 1447 2339 praelatorum
1472 2300 1504 2328 et
1529 2294 1767 2327 ordinariorum
1788 2305 1869 2338 quo-

1125 2359 1352 2392 rumcumque,
1378 2348 1474 2381 etiam
1504 2347 1706 2387 inferiorum,
1729 2357 1794 2380 non
1819 2353 1867 2379 ta·
1916 2382 1922 2389 ,

1125 2408 1196 2430 men
1218 2397 1428 2439 regularium,
1450 2396 1619 2440 petitiones
1633 2396 1775 2435 audiant,
1793 2406 1878 2440 pro-v

1125 2446 1300 2490 positisque
1332 2445 1596 2484 difficultatibus,
1623 2444 1867 2488 quaestionibus

1125 2505 1161 2527 ac
1186 2493 1423 2533 controversiis,
1457 2493 1593 2537 aliisque
1621 2503 1720 2536 super
1749 2491 1866 2536 quibus

1125 2543 1262 2576 consulti
1284 2543 1415 2582 fuerint,
1437 2542 1531 2576 etiam
1567 2553 1623 2585 per
1651 2542 1782 2579 litteras,
1815 2549 1864 2571 se-

1126 2591 1202 2625 dulo
1223 2591 1473 2634 humaniterque
1497 2590 1728 2634 1·espondcant;
1757 2587 1867 2637 dubia,

1872 213 1925 242 An.
1941 202 1997 242 ελ

1901 1292 1969 1315 Cum
1995 1291 2022 1315 bn

1875 1325 2020 1347 institutionu-

1887 1769 1993 1791 tnstitutto
2005 1774 2028 1791 eo

1876 1807 1933 1827 greg,
1957 1801 2022 1823 ‹luotle

1877 1838 1914 1853 ma
1927 1836 1950 1853 et
1964 1831 2029 1860 nxptte

1877 1864 2029 1885 uomuucrini

1877 1895 2022 1916 cardinalium.
