2059 3228
209 324 385 360 decessoris
404 323 603 365 huiusmodi,
625 323 665 357 de
683 333 760 364 una,
783 327 814 356 et
834 322 865 355 in
882 332 957 355 con-

208 377 280 412 cilio
299 379 441 423 generali
461 378 547 412 edita
575 378 613 411 de
638 378 764 411 duabus
777 376 901 417 diaetis,
924 381 956 408 et

821 267 996 294 GREGORIUS
1014 266 1069 291 xm
1090 266 1134 290 FP.

1638 254 1703 289 475
1760 262 1812 292 An,
1828 264 1856 292 Cr
1875 265 1942 294 1584

1300 320 1435 353 Ctxx'u.

205 430 276 465 aliis
295 431 481 476 apostolicis
504 430 800 465 constitutionibu-2
826 439 953 462 necnon
995 417 1165 451 [minatio
1190 417 1313 458 conrasi
1345 417 1387 450 ad
1415 417 1575 450 srholctres
1599 415 1746 450 nationis

205 485 463 529 congregationis
482 496 519 518 ac
546 484 675 519 Ordinis
696 483 950 528 praedictorum,

204 537 399 579 iuramento,
428 538 676 572 confirmatione
703 536 880 580 apostolica
904 535 950 568 vel

203 591 314 635 quavis
333 591 487 625 firmitate
507 591 568 624 alia
589 590 758 631 roboratis,
780 588 908 622 statutis
921 593 953 622 et

203 644 503 684 consuetudinibus;
536 642 706 687 privilegiis
735 652 875 686 quoque,
906 641 952 674 in-

201 697 301 732 dultis
321 703 352 731 et
374 698 486 731 litteris
516 696 713 740 apostolicis,
736 695 799 728 illis
820 705 948 728 eorum-

200 762 265 796 que
298 751 520 796 superioribus
541 756 573 784 et
594 749 753 794 personis,
788 748 848 781 sub
877 748 950 790 qui-

199 803 404 849 buscumque
424 803 590 838 tenoribus
614 808 647 836 et
672 802 796 841 formis,
819 812 855 834 ac
877 811 950 834 cum

201 857 378 903 quibusvis,
401 859 497 892 etiam
518 855 795 899 derogatoriarum
816 854 950 896 deroga-

204 911 294 945 toriis
312 912 449 955 aliisque
476 909 713 945 efficacioribus
739 914 770 941 ct
799 907 949 947 insolitis,

202 965 368 1007 clausulis,
389 964 654 1005 irritantibusque
668 968 699 995 et
715 962 786 995 aliis
798 962 949 1000 decretis,

201 1018 234 1052 in
253 1029 372 1062 genere
395 1019 444 1052 vel
464 1019 498 1051 in
517 1017 635 1062 specie,
670 1015 765 1049 etiam
793 1014 950 1048 consisto-

200 1071 322 1106 rialiter
340 1083 377 1105 ac
407 1072 485 1104 alias
513 1069 757 1115 quomodolibet
789 1067 951 1101 concessis

203 1130 233 1159 et
251 1125 348 1159 etiam
363 1125 485 1169 pluries
504 1122 704 1158 confirmatis
725 1127 757 1155 et
776 1121 948 1161 innovatis,

199 1178 319 1222 quibus
355 1178 516 1219 omnibus,
552 1176 697 1216 etiamsi,
723 1186 781 1219 pro
819 1174 949 1207 illorum

199 1232 371 1267 sufficienti
390 1231 611 1275 derogatione,
630 1230 669 1263 de
685 1230 750 1262 illis
770 1238 950 1271 eorumque

201 1286 368 1320 tenoribus
384 1285 544 1330 specialis,
567 1284 731 1328 specifica,
754 1292 904 1326 expressa
920 1286 951 1314 et

191 1339 374 1384 individua,
397 1349 463 1372 non
483 1344 590 1371 autem
627 1347 685 1380 per
710 1336 871 1369 clausulas
895 1345 950 1377 ge-

199 1393 326 1427 nerales
359 1393 446 1426 idern
477 1392 702 1436 imponantes,
740 1389 860 1422 mentio
895 1394 951 1421 aut

199 1446 328 1490 quaevis
347 1446 409 1480 alia
437 1445 600 1489 expressio
633 1443 794 1483 habenda,
816 1448 871 1475 aut
891 1442 950 1475 ali-

199 1511 263 1545 qua
281 1499 344 1533 alia
363 1498 520 1543 exquisita
539 1497 693 1545 sormupd
714 1497 775 1529 hoc
796 1495 951 1529 servanda

200 1554 294 1595 soret,
315 1553 447 1586 illorum
479 1558 619 1592 tenores,
642 1562 679 1584 ac
707 1551 732 1583 si
754 1550 793 1582 ad
817 1549 949 1582 verbum

200 1607 421 1640 insererentur
431 1605 668 1650 praesentibus,
683 1614 741 1648 pro
753 1603 952 1636 sufficienter

201 1660 356 1705 expressis
364 1660 532 1700 habentes,
546 1658 608 1692 illis
621 1658 699 1691 alias
710 1657 743 1690 in
757 1668 815 1690 suo
834 1657 951 1689 robore

201 1713 433 1758 permansuris,
446 1713 508 1746 hac
524 1712 591 1745 vice
604 1712 782 1751 dumtaxat,
801 1709 951 1754 speciali-

1038 471 1280 504 Maronitarwn
1298 472 1350 513 pic
1367 475 1395 504 et
1415 471 1571 503 catholice
1585 470 1676 503 bonis
1692 480 1745 502 ar-

1039 525 1121 558 tibus
1132 524 1534 568 0]1›·istiani.«poemoribus
1550 527 1578 556 et
1596 523 1744 556 doctrina

1037 579 1243 611 instruendos
1263 579 1298 611 in
1326 578 1424 617 Urbe;
1445 582 1472 611 et
1490 578 1652 621 deputatio
1672 587 1743 610 car-

1037 632 1159 665 dinalis
1183 642 1242 675 pro
1267 632 1333 663 eius
1353 632 1522 673 reqimine,
1541 640 1741 663 amzuorum-

1038 696 1095 729 que
1107 676 1289 718 reddituum
1300 685 1478 728 assiynatio
1488 695 1548 728 pro
1559 684 1739 718 eorumdem

1036 739 1300 772 substentatione.

1035 828 1181 864 Gregorius
1197 828 1349 863 episcopus,
1368 834 1463 856 servus
1483 833 1624 856 servorum
1641 826 1697 860 Dei.

1131 883 1164 910 ad
1183 882 1346 918 perpetuam
1369 882 1410 910 rei
1428 881 1597 909 memoriam.

1036 962 1184 995 Humana
1204 961 1249 995 sic
1264 962 1369 994 serunt
1382 961 1576 1004 quandoque
1597 961 1740 1002 consilia,

992 1021 1030 1049 ut
1052 1027 1146 1059 quae,
1166 1016 1214 1049 vel
1229 1015 1360 1059 provida
1378 1014 1611 1048 deliberatione
1631 1015 1741 1047 abini-

991 1070 1036 1103 tio
1056 1069 1310 1107 constituuntur,
1328 1079 1445 1112 operae
1460 1069 1602 1112 pretium
1618 1068 1668 1108 sit,
1686 1079 1740 1112 spe

991 1123 1136 1156 melloris
1163 1124 1289 1155 suturae
1305 1121 1418 1165 frugis,
1430 1126 1540 1166 postea
1552 1122 1736 1155 immutare.

1049 1178 1064 1220 ξ
1083 1177 1114 1210 ’1.
1138 1177 1247 1220 Nuper
1267 1176 1353 1209 enim
1375 1181 1411 1208 ut
1426 1175 1548 1208 nationi
1569 1176 1738 1209 Maronita-
1782 1193 1818 1214 μή.)
1838 1192 1935 1215 poma„

992 1241 1077 1270 rum,
1104 1230 1172 1274 qui,
1196 1231 1229 1262 in
1248 1229 1359 1262 Libani
1391 1229 1554 1262 montibus
1574 1229 1736 1273 degentes,
1754 1224 1937 1282 ᾖδωᾛοξῖηξζ

991 1295 1009 1317 a
1029 1284 1140 1317 multis
1160 1283 1295 1316 saeculis
1307 1283 1366 1316 sub
1387 1282 1417 1316 S.
1440 1283 1477 1316 R.
1499 1283 1534 1316 E.
1555 1283 1738 1316 obedientia
1754 1286 1933 1322 pr⁰J¹³¹³⁰¹¹⁶³¹w

992 1343 1025 1372 et
1048 1337 1219 1371 devotione
1240 1337 1336 1369 fidem
1367 1336 1561 1369 catholicam
1589 1337 1674 1370 inter
1693 1343 1740 1370 tot
1754 1319 1935 1371 {iiiiiiiumimeass

993 1392 1239 1425 circumstantes
1261 1390 1442 1423 infidelium
1463 1395 1495 1423 et
1515 1390 1739 1425 schismatico·
1754 1382 1938 1434 ξζξζὲᾞῗξιζζ

992 1456 1065 1478 rum
1086 1449 1188 1477 sectas
1220 1444 1374 1484 retinent,
1402 1454 1439 1476 ac
1463 1443 1559 1477 certis
1579 1455 1739 1477 annorum
1755 1445 1857 1470 gendffli

993 1498 1104 1542 spatiis
1123 1498 1163 1532 ad
1182 1498 1412 1541 Apostolorum
1433 1497 1545 1531 limina
1569 1498 1738 1537 visitanda,

993 1553 1172 1596 Sedemque
1191 1551 1410 1595 Apostolicam
1431 1552 1687 1594 amplectendam
1709 1559 1740 1585 et

993 1605 1302 1649 recognoscendum,
1325 1605 1449 1648 aliquos
1473 1605 1634 1638 destinare
1653 1605 1738 1638 soliti

992 1665 1080 1698 sunt,
1103 1659 1142 1692 de
1162 1658 1320 1703 peculiari
1341 1659 1412 1691 loco
1432 1657 1472 1690 ad
1492 1669 1586 1691 usum
1599 1658 1738 1702 hospita-

992 1713 1094 1747 litatis
1107 1723 1182 1756 erga
1202 1712 1346 1745 eiusdem
1366 1712 1506 1745 nationis
1521 1711 1687 1754 indigenas
1700 1712 1739 1744 ad

1783 976 1902 998 Exordium.

201 1774 251 1802 ter
258 1772 290 1801 et
298 1777 446 1811 expresse
462 1766 668 1809 derogamus,
686 1763 864 1806 ceterisque
876 1774 952 1796 con·
970 1783 974 1811 Ι
993 1767 1112 1801 L'rbem
1120 1766 1321 1800 confluentes
1337 1765 1546 1805 exercendae,
1559 1771 1667 1797 nosti-a
1679 1776 1739 1809 ope

201 1821 307 1855 trariis
325 1820 598 1865 quibuscumque.
629 1820 692 1852 Aut
715 1818 740 1851 si
774 1827 952 1860 congrega-

202 1875 294 1917 tioni,
305 1875 471 1919 prioribus
488 1879 518 1907 et
531 1872 698 1907 monachis
716 1871 888 1917 praedictis
900 1870 951 1903 vel

203 1927 457 1974 quibusvisaliis,
467 1927 685 1961 communiter
695 1926 744 1959 vel
760 1924 896 1966 divisim,
912 1924 952 1957 ab

203 1981 389 2026 Apostolica
412 1980 452 2014 sit
481 1980 562 2014 Sede
593 1979 755 2013 indultum
787 1977 874 2022 quod
901 1977 952 2010 in-

205 2035 330 2075 terdici,
352 2034 505 2078 suspendi
525 2034 573 2067 vel
594 2031 868 2067 excommunicari
888 2041 953 2064 non

205 2088 328 2132 possint
348 2098 406 2132 per
428 2088 554 2121 litteras
586 2085 777 2130 apostolicas
811 2096 876 2118 non
910 2085 955 2118 sa-

205 2142 327 2176 cientes
346 2142 474 2186 plenam
495 2147 527 2175 et
547 2150 729 2184 expressam
749 2150 785 2172 ac
806 2140 845 2173 de
857 2139 953 2173 verbo

205 2196 244 2230 ad
263 2195 398 2229 verbum
417 2194 457 2228 de
488 2194 615 2228 indulto
648 2193 836 2226 huiusmodi
865 2203 955 2226 men-

207 2249 341 2284 tionem.

249 2303 364 2336 Datum
384 2301 504 2335 Romae
524 2300 609 2345 apud
628 2300 781 2333 Sanctum
810 2299 952 2340 Petrum,

207 2355 267 2390 suh
286 2356 407 2389 annulo
423 2354 608 2396 Piscatoris,
631 2354 683 2387 die
702 2363 761 2387 xxv
782 2353 857 2385 maii
881 2353 954 2386 mil-

207 2411 321 2444 lesimo
329 2408 588 2453 quingentesimo
595 2406 813 2450 octuagesimo
825 2413 953 2450 quarto,

208 2463 417 2508 pontificatus
436 2461 537 2495 nostri
563 2471 647 2494 anno
672 2450 908 2493 decimotertio.

257 2520 321 2551 Dat.
345 2519 392 2550 die
410 2519 448 2549 25
466 2518 537 2549 maii
555 2517 649 2555 1584,
672 2517 776 2557 pontis.
800 2525 848 2547 an.
872 2525 933 2546 xui.

994 1821 1158 1866 provisum
1183 1825 1283 1859 esset,
1306 1819 1472 1862 ipsiusque
1498 1817 1636 1851 nationis
1666 1829 1740 1861 erga

994 1875 1109 1909 Sedem
1126 1875 1228 1918 ipsam
1242 1872 1368 1906 devotio
1382 1872 1573 1905 continuum
1595 1871 1739 1914 suscipe-

994 1935 1044 1962 ret
1063 1929 1313 1965 incrementum,
1338 1936 1396 1958 nec
1419 1931 1507 1958 tanto
1533 1925 1642 1958 labore
1663 1935 1740 1957 con-

994 1987 1118 2016 servata
1150 1981 1226 2014 fidei
1257 1979 1380 2013 semina
1413 1985 1608 2018 arescerent,
1648 1989 1741 2022 quas-

994 2037 1068 2069 dam
1093 2034 1259 2073 unionem,
1281 2032 1492 2065 aunexionem
1512 2031 1740 2075 etincorpora-

996 2089 1117 2122 tionem
1151 2088 1228 2121 olim
1261 2087 1299 2119 de
1330 2085 1505 2129 parochiali
1546 2084 1681 2117 ecclesia
1707 2085 1739 2118 S.

994 2142 1122 2176 Ioannis
1133 2142 1171 2174 de
1182 2140 1319 2179 Ficocia,
1335 2138 1473 2181 regionis
1485 2138 1580 2170 Trivii
1589 2138 1627 2170 de
1644 2138 1739 2177 Urbe,

996 2194 1173 2240 parochiali
1192 2193 1345 2227 ecclesiae
1358 2191 1465 2225 Sancti
1485 2191 1633 2231 Andreae,
1656 2191 1742 2225 eius-

973 2251 976 2255 ’
995 2250 1068 2283 dem
1089 2248 1238 2291 regionis,
1264 2245 1438 2289 apostolica
1463 2244 1655 2277 auctoritate
1678 2245 1741 2277 sac-

997 2309 1056 2343 tas,
1080 2308 1236 2346 perpetuo
1254 2298 1522 2337 dissolvimus‚'et
1542 2298 1626 2341 apud
1641 2297 1740 2341 ipsam

996 2356 1165 2390 ecelesiam
1186 2354 1216 2387 S.
1230 2352 1368 2393 Ioannis,
1392 2351 1534 2393 nomine,
1553 2352 1741 2385 deno-mina„

998 2410 1083 2442 tione
1104 2415 1134 2440 et
1164 2406 1301 2440 essentia
1322 2404 1515 2448 parochialis
1538 2405 1692 2438 ecclesiae
1711 2405 1741 2438 {n

986 2470 1034 2492 -ca
1054 2457 1148 2491 etiam
1170 2461 1328 2499 perpetuo
1341 2453 1559 2498 suppressiset
1579 2454 1738 2494 extinctis,

997 2519 1034 2541 ac
1054 2517 1131 2540 cura
1151 2505 1333 2538 anin‘iarum
1350 2504 1436 2536 illius
1459 2503 1741 2547 parochianorum,

998 2567 1062 2589 una
1082 2566 1154 2588 cum
1176 2553 1296 2586 eisdem
1322 2551 1527 2596 parochianis
1551 2551 1741 2595 iuribusqne

998 2602 1249 2648 parochialibus,
1261 2602 1299 2634 ad
1319 2601 1437 2634 dictam
1450 2600 1617 2634 ecclesiam
1631 2600 1661 2633 S.
1678 2601 1740 2632 An-

999 2653 1085 2686 dreae
1120 2650 1286 2691 translata,
1312 2660 1414 2682 unum
1445 2648 1603 2693 hospitale
1628 2649 1658 2681 in
1677 2658 1741 2691 quo
