2059 3228
152 233 205 261 An.
222 232 251 260 C.
271 234 339 262 1578
398 233 460 268 ⁵228

350 355 499 389 fratribus
516 358 712 392 Discalceatis
734 371 771 392 ex
794 370 866 400 una,
885 364 916 392 et
938 368 1089 402 procura-

351 414 417 441 tore
453 411 591 451 generali
625 412 859 454 praedictorum
894 412 1027 444 fratrum
1052 410 1089 442 de

350 461 553 496 observantia
584 475 619 497 ex
648 466 744 498 altera
774 465 917 508 partibus
941 463 1036 496 semel
1060 467 1089 494 et

350 514 467 557 pluries
491 515 616 557 auditis,
633 516 802 560 habitaque
827 527 922 560 super
946 516 1005 548 hoc
1022 525 1087 547 ma-

350 571 421 599 tura
445 567 691 610 deliberatione,
715 569 752 602 de
779 569 963 602 eorumdem
987 567 1088 600 cardi-

349 620 469 653 nalium
493 621 634 663 consilio,
658 623 937 665 congregationem
961 618 1042 660 sive,.
1055 625 1088 652 ut

349 679 471 711 vocant,
487 674 681 717 provinciam
699 675 727 708 S.
745 675 865 718 Ioseplii
883 673 1087 717 praedictam,

350 725 413 757 iam
438 726 560 768 pridem
584 725 616 758 in
640 727 732 760 dictis
754 727 860 770 regnis
888 731 1025 759 erectam
1059 730 1088 757 et

348 779 538 820 ordinatam,
555 790 590 812 ac
606 779 775 813 laudabilia
800 779 947 812 instituta
964 789 1089 811 eorum-

349 835 420 867 dem
444 834 577 866 fratrum
600 834 861 867 Discalceatorum
892 832 925 865 in
956 831 1089 875 singulis

349 900 457 922 eorum
483 887 649 928 custodiis,
673 887 819 920 domibus
845 897 902 919 seu
932 890 1089 918 monaste-

348 941 405 974 riis
428 947 457 974 et
480 941 577 982 locis,
602 951 681 984 quae
705 951 790 974 nunc
822 940 966 974 obtinent
1000 945 1029 972 et
1055 939 1086 971 in

349 1000 535 1038 perpetuum
571 994 781 1034 obtinebunt,
805 993 1024 1036 praesentibus
1059 998 1086 1025 et

348 1045 486 1086 futuris,
526 1047 695 1089 apostolica
729 1047 939 1087 auctoritate,
979 1052 1087 1080 tenore

347 1099 584 1141 praesentium,
608 1100 820 1143 approbamus
856 1104 886 1132 et
920 1100 1088 1132 confirma—

347 1161 439 1191 mus,
472 1151 595 1196 illisque
629 1158 799 1195 perpetuae
834 1158 865 1186 et
899 1152 1083 1185 inviolabili=

347 1201 507 1235 firmitatis
531 1203 630 1235 robur
653 1203 829 1244 adiicimus,
846 1204 1086 1247 praecipientes,

347 1253 380 1285 in
404 1254 518 1288 virtute
541 1261 666 1289 sanctae
689 1256 887 1289 obedientiae
911 1268 946 1290 ac
963 1258 1020 1290 sub
1037 1269 1086 1290 ex-

345 1307 641 1342 communicationis
664 1309 744 1342 latae
769 1310 942 1343 sententiae
966 1316 995 1343 et
1018 1311 1086 1344 aliis

346 1353 479 1392 arbitrio
518 1360 792 1405 infrascriptorum
828 1364 968 1397 iudicum
1003 1364 1086 1396 inssi-

344 1412 456 1451 pendis
480 1414 621 1447 censuris
644 1420 673 1448 et
697 1417 818 1459 poenis,
835 1418 975 1459 generali
1001 1425 1031 1452 et
1055 1429 1086 1451 a—

345 1464 395 1497 liis
420 1465 593 1508 ministris,
618 1470 864 1511 commissariis,
888 1472 1086 1515 provinciali-

346 1518 415 1559 hus,
455 1519 689 1563 diffinitoribus,
728 1523 867 1566 vicariis,
905 1526 1086 1559 custodibus

345 1577 379 1604 et
402 1573 586 1614 guardianis
609 1585 694 1608 nunc
717 1582 748 1609 et
772 1588 829 1620 pro
854 1584 995 1621 tempore
1025 1581 1087 1612 exi-

347 1626 502 1659 stentibus
526 1627 600 1660 dicti
625 1627 751 1662 Ordinis
775 1630 908 1664 fratrum
932 1631 1085 1667 Minorum

348 1678 386 1712 de
404 1679 606 1714 Observantia
629 1689 894 1728 nuncupatorum,
910 1693 939 1720 et
964 1689 1086 1722 illorum

347 1734 487 1774 generali
522 1736 663 1777 proxime
700 1743 731 1770 et
768 1739 837 1772 aliis
875 1739 907 1772 in
946 1741 1085 1774 futurum

347 1786 542 1821 celebrandis
566 1789 731 1832 capitulis,
757 1796 785 1824 et
817 1793 959 1835 personis
990 1793 1022 1826 in
1050 1805 1086 1827 eo

346 1839 588 1880 congregandis,
612 1851 733 1875 necnon
757 1845 904 1877 omnibus
927 1850 958 1878 et
981 1845 1086 1888 singu-

346 1890 384 1924 lis
417 1891 501 1933 aliis,
526 1903 725 1938 quacumque
759 1897 926 1938 dignitate,
951 1899 1086 1932 auctori-

346 1950 411 1980 tate
435 1951 463 1978 et
488 1951 640 1989 potestate
663 1948 872 1991 fulgentibus,
897 1962 937 1984 ne
961 1953 1087 1994 provin-

347 2001 450 2041 ciam,
475 2001 654 2036 custodias.
678 2005 866 2037 monasteria
893 2016 949 2038 seu
978 2006 1087 2040 domos

347 2063 402 2092 aut
430 2059 496 2091 loca
520 2054 680 2099 praedicta
705 2056 868 2097 ullatenus,
893 2058 1011 2091 directe
1041 2060 1086 2092 vel

347 2115 500 2148 indirecte
523 2125 578 2147 seu
602 2111 711 2156 quovis
742 2111 884 2154 quaesito
915 2110 1018 2143 colore
1042 2112 1086 2144 vel

347 2168 494 2212 ingenio,
520 2165 747 2200 dismembrare
771 2164 817 2196 vel
841 2173 1009 2206 separare,
1033 2175 1086 2196 seu

347 2219 568 2255 dismembrari
595 2218 641 2250 vel
664 2216 814 2260 separari,
832 2222 886 2249 aut
909 2215 986 2248 alias
1009 2226 1087 2259 quo-

346 2273 515 2306 modolibet
552 2270 730 2314 inquietare
763 2270 810 2302 vel
845 2269 1009 2302 molestare
1032 2280 1086 2302 au-

346 2327 438 2359 deant
465 2336 517 2358 seu
543 2323 735 2367 permittant;
752 2332 810 2355 nec
826 2322 1009 2354 eorumdem
1026 2322 1086 2354 fra-

346 2384 431 2410 trum
449 2377 709 2410 Discalceatorum
735 2374 856 2408 vivendi
881 2375 1009 2408 modum
1033 2381 1084 2407 aut

346 2429 483 2471 rigorem
503 2429 628 2462 strictae
653 2439 761 2462 eorum
786 2428 1012 2467 observantiae,
1031 2428 1086 2460 ha-

346 2481 431 2514 bitus
456 2481 627 2521 vilitatem,
653 2488 681 2514 et
707 2486 922 2525 paupertatem
947 2487 1086 2514 contem-

347 2547 445 2569 nere.
469 2535 635 2567 immutare
667 2545 721 2567 seu
753 2539 944 2575 retractare,
968 2540 1023 2567 aut
1053 2535 1084 2567 in

346 2589 392 2622 eis
416 2588 533 2631 aliquid
558 2588 707 2627 innovare
732 2599 786 2620 scu
813 2593 966 2621 attentare
995 2597 1085 2629 prae-

347 2647 499 2681 sumant;
539 2642 683 2685 quinimo
722 2643 878 2684 generalis
917 2642 1061 2676 minister
1077 2670 1085 2683 ,

923 251 1105 278 Rutunium
1130 249 1284 279 nonaum(

351 310 384 332 re
417 303 470 335 diu
502 315 538 337 ac
571 310 693 339 mature
725 304 884 347 discussa,
916 306 1327 349 iisdemque.commissarii
1362 313 1392 341 et
1427 308 1484 341 alii
1520 310 1671 352 praedicti
1710 304 1860 345 fratribus

1119 360 1218 393 dictae
1248 361 1429 403 provinciae
1453 362 1557 396 Sancti
1582 363 1724 406 losephi‚
1747 374 1783 396 ac
1805 373 1859 396 eo-

1120 423 1187 444 rum
1213 414 1373 453 custodiis,
1399 415 1555 456 domibus,
1580 416 1781 450 monasteriis
1803 424 1860 449 seu

1118 464 1191 496 locis
1206 492 1213 504 ,
1238 465 1354 508 quibus
1378 472 1526 509 poterunt
1549 468 1672 509 modis,
1696 469 1860 510 auxilium,

1118 516 1282 549 consilium
1306 523 1336 550 et
1360 517 1497 551 favorem
1521 526 1690 564 praestent.

1161 569 1176 610 ἓ
1199 568 1230 602 3.
1254 570 1417 603 Praeterea
1453 582 1520 611 nos,
1554 572 1721 614 fratribus,
1756 573 1886 624 dictaeei
1901 577 1967 625 {35

1120 621 1298 662 provinciae
1331 634 1547 667 quaecumque
1572 626 1638 658 loca
1661 631 1725 659 tam
1749 626 1782 660 in
1809 610 1929 660 rte-‘¹3'

1118 672 1188 714 gnis
1211 673 1434 716 Hispaniarum
1459 687 1553 719 quam
1577 679 1610 710 in
1639 679 1786 712 omnibus
1808 680 1858 713 In·-

1118 726 1177 759 diis
1199 732 1229 760 et
1253 728 1326 760 alibi
1352 729 1513 762 existentia
1537 731 1613 773 ipsis
1636 741 1693 774 pro
1717 736 1862 775 tempore·

1118 780 1334 821 concedenda,
1359 782 1587 816 interveniente
1611 783 1697 816 Sedis
1727 785 1857 827 Aposto-

1118 835 1194 867 licae
1218 835 1416 874 auctoritate,
1434 846 1488 867 scu
1514 841 1633 867 servata
1658 835 1759 868 forma
1781 846 1859 868 cono

1118 888 1181 921 cilii
1212 888 1410 928 Tridentini,
1436 898 1558 921 necnon
1591 889 1703 921 fratres
1722 888 1859 931 *praedi-

1117 946 1183 974 ctos
1206 941 1244 973 de
1267 941 1472 974 Observantia
1497 941 1536 973 ad
1571 951 1624 973 eos
1658 945 1858 973 transeuntes

1119 994 1289 1036 recipiendi
1313 995 1473 1027 licentiam
1496 999 1525 1027 et
1542 994 1721 1027 facultatem
1737 994 1858 1038 impar-

1119 1046 1224 1079 timur.
1837 1052 1840 1053 ’
1955 1092 1957 1094 q

1159 1099 1174 1142 ἓ
1196 1100 1227 1132 4.
1251 1101 1392 1145 Insuper,
1409 1112 1482 1134 cum
1506 1101 1581 1135 dieti
1604 1102 1718 1134 fratres
1740 1100 1856 1135 Discal-
1890 1094 1956 1132 Ὀιιι
2003 1136 2006 1137 ⁷

1117 1154 1195 1187 reati
1220 1160 1408 1197 perpetuum
1431 1155 1559 1198 aliquod
1582 1165 1662 1188 onus
1685 1144 1977 1197 missa1·um3'›'};¹‡.·-s
2001 1162 2019 1196 ft

1116 1217 1173 1249 per
1197 1206 1281 1249 ipsos
1305 1206 1565 1239 celebrandarum
1589 1216 1626 1239 ex
1643 1206 1788 1239 instituto
1804 1191 1975 1253 su-l'ii'iins
2009 1200 2019 1227 s

1117 1259 1234 1302 <cipere
1257 1258 1497 1302 prohibeantur;
1514 1269 1551 1291 ac
1572 1269 1610 1292 ex
1631 1259 1734 1292 officio
1755 1264 1786 1292 et
1801 1259 1869 1293 de-
1934 1251 1953 1260 '¹

1117 1311 1181 1344 bito
1215 1311 1381 1344 charitatis
1411 1322 1469 1355 pro
1503 1311 1568 1345 suis
1600 1311 1856 1346 benefactoribus
1885 1331 1887 1333 ·

1118 1364 1192 1397 vivis
1217 1370 1311 1407 atque
1334 1364 1490 1397 defunctis
1514 1375 1618 1397 sacras
1641 1364 1752 1397 missas
1775 1366 1854 1399 cele-⁷

1117 1418 1207 1452 brare
1231 1425 1261 1452 et
1285 1417 1344 1451 alia
1370 1418 1473 1451 divina
1499 1417 1601 1450 officia
1624 1427 1775 1460 peragere
1797 1417 1855 1451 ha*

1117 1473 1220 1516 beant,
1239 1486 1294 1509 seu
1317 1475 1442 1519 saepius
1465 1474 1497 1506 in
1522 1471 1582 1504 illis
1605 1469 1801 1503 celebrandis
1822 1474 1856 1503 et

1117 1528 1304 1571 peragendis
1326 1528 1498 1572 plurimum
1522 1529 1726 1568 occupentur,
1743 1523 1854 1556 statuis*

1119 1590 1186 1611 mus
1210 1586 1245 1613 ut
1268 1582 1371 1613 nullus
1396 1579 1541 1623 superior
1556 1577 1710 1622 praedicti
1726 1576 1856 1610 Ordinis

1117 1631 1248 1665 fratrum
1283 1633 1438 1666 Minorum
1473 1633 1510 1666 de
1537 1630 1743 1665 Observantia
1778 1630 1855 1673 ipsis

1117 1684 1265 1718 fratribus
1291 1686 1488 1718 Discaleeatis
1518 1684 1646 1727 aliquod
1676 1693 1756 1716 onus
1780 1682 1856 1716 mis-

1116 1748 1221 1771 sarum
1256 1747 1445 1783 perpetuum
1468 1739 1516 1772 vel
1544 1737 1716 1780 temporale
1750 1735 1856 1768 iniun-

1116 1801 1199 1833 gere,
1217 1804 1272 1826 seu
1295 1803 1348 1826 eos
1371 1793 1408 1826 ad
1434 1793 1554 1836 aliquas
1578 1791 1689 1824 missas
1711 1800 1770 1833 pro
1785 1789 1855 1822 aliis

1118 1844 1359 1885 particularibus
1387 1845 1530 1889 personis
1553 1854 1609 1878 seu
1632 1843 1799 1877 animabus
1821 1853 1855 1875 a·

1117 1897 1274 1939 liquorum
1298 1898 1439 1932 fidelium
1463 1899 1705 1938 defunctorum,
1728 1896 1854 1930 etiamsi

1117 1948 1159 1980 illi
1183 1951 1306 1992 patroni
1338 1962 1393 1984 seu
1427 1951 1610 1984 fundatores
1643 1950 1854 1994 quorumdam

1117 2004 1380 2037 monasteriorum
1404 2009 1458 2037 aut
1481 2005 1648 2038 domorum
1671 2004 1855 2037 eorumdem

1116 2055 1248 2088 fratrum
1279 2057 1317 2089 de
1342 2057 1566 2098 Obse1·vantia·‚
1591 2069 1645 2091 seu
1676 2057 1709 2090 in
1740 2057 1856 2101 quibus

1118 2109 1280 2141 memorati
1305 2109 1417 2142 fratres
1441 2110 1479 2143 de
1495 2110 1700 2144 Observantia
1716 2120 1857 2143 commo-

1117 2168 1237 2202 rantur,
1262 2162 1475 2204 celebrandas,
1500 2164 1547 2196 vel
1570 2164 1647 2197 alias
1670 2164 1710 2196 ad
1734 2164 1856 2197 satisfa-

1115 2213 1260 2246 ciendum
1280 2215 1312 2247 in
1328 2215 1432 2248 missis
1455 2205 1637 2250 h'uiusmodi
1661 2227 1720 2261 pro
1743 2217 1855 2251 iisdem

1116 2267 1264 2299 fratribus
1277 2268 1314 2299 de
1327 2267 1532 2302 Observantia
1548 2280 1660 2313 cogere
1673 2281 1729 2303 seu
1740 2270 1856 2304 astrin-

1116 2330 1188 2361 gere
1214 2320 1322 2362 possit.

1158 2374 1171 2415 ξ
1195 2374 1224 2407 5.
1249 2375 1425 2415 Praeterea,
1442 2376 1527 2418 quod
1550 2377 1626 2409 nulli
1644 2374 1944 2410 commissarum·

1115 2426 1245 2459 fratrum
1271 2427 1308 2459 de
1326 2427 1529 2461 Observantia
1545 2429 1778 2472 praedictorum
1797 2439 1854 2462 nec
1863 2406 1961 2454 ῗῑῗέιι

1115 2480 1179 2522 ipse
1204 2481 1360 2522 generalis
1386 2481 1529 2514 minister
1551 2492 1610 2525 pro
1634 2487 1774 2524 tempore
1791 2467 1958 2534 exi-§m

1114 2540 1198 2566 stens
1232 2534 1329 2576 possit
1363 2534 1485 2577 aliquos
1518 2545 1555 2567 ex
1578 2534 1671 2567 dictis
1700 2534 1852 2567 fratribus
1967 2539 1970 2543 '

1114 2587 1309 2619 Discalceatis
1325 2587 1362 2619 dc
1380 2588 1540 2629 praedicta
1556 2598 1665 2621 corum
1690 2587 1852 2630 provincia

1114 2642 1218 2675 Sancti
1243 2642 1364 2686 Ioseplii
1389 2651 1444 2675 scu
1468 2642 1505 2674 de
1536 2641 1718 2674 eorumdem
1750 2641 1851 2674 domi-
