2059 3228
138 215 195 249 An.
208 216 241 248 C.
252 218 321 249 1585
380 210 444 246 616

165 1345 274 1368 [cetorum
283 1345 322 1367 ad-

137 1384 244 1399 misslussl‘
268 1384 320 1399 flor·

137 1413 191 1430 mm
205 1408 272 1435 pauiu

337 277 369 307 et
392 270 649 315 tergiversatione
677 275 838 313 cessante,
874 271 1021 306 conferre
1049 276 1080 304 et

337 324 375 358 de
386 324 441 357 illa
460 323 553 357 etiarn
571 322 757 367 providere3
778 323 952 369 ipsumque
966 324 999 358 in
1007 335 1078 358 cor-

335 377 477 421 poralem
506 376 741 420 possessionem
768 377 938 412 cathedrae
969 383 1000 411 et
1033 377 1078 410 illi

335 429 465 464 affectae
474 430 718 474 praepositurae
730 430 928 472 huiusmodi,
941 431 1002 464 iuri
1009 443 1025 464 u
1032 443 1078 464 m-

335 494 397 528 que
425 488 456 516 et
487 483 755 527 pertinentiarum
770 494 903 517 suorum
927 495 1079 528 quorum-

335 546 485 580 cumque,
494 536 648 570 inducere
658 536 784 571 debeat.
797 537 952 582 Quodque
960 537 1078 581 singuli

335 589 498 634 praepositi
511 590 680 634 praedicti,
694 591 778 624 intra
793 602 847 625 sex
857 601 983 625 menses
997 602 1015 624 a
1029 591 1079 624 die

334 643 462 677 habitae
481 654 540 688 per
563 654 618 678 eos
647 644 857 689 possessionis
881 656 955 678 suae
975 644 1080 678 cuius-

334 706 397 740 que
426 697 681 741 praepositurae,
713 698 886 732 duodecim
914 699 954 732 ad
974 698 1080 732 minus

335 750 560 784 conclusiones
584 761 696 784 earum
720 752 908 785 facultatum
933 763 1012 796 quas
1036 753 1080 785 le-

334 802 418 836 cturi
437 809 524 844 sunt,
535 815 643 837 coram
658 804 904 845 lociordinario,
918 811 1079 849 tamquam

334 855 477 890 eiusdem
499 857 716 892 Universitatis
740 859 932 892 cancellario
959 870 977 892 a
1000 858 1081 892 Sede

333 909 497 954 praedicta
512 911 676 955 deputato,
694 922 731 945 ac
748 912 923 956 praedictis
939 911 1081 956 capitulo

333 962 416 997 tueri
445 969 637 1005 teneantur;
672 965 829 1010 alioquin,
867 966 987 999 eisdem
1029 976 1080 999 sex

334 1017 498 1050 mensibus
514 1019 642 1062 elapsiS,
663 1019 813 1052 omnibus
833 1018 1025 1061 insignibus,
1038 1018 1081 1062 ip—

334 1070 376 1103 sis
400 1070 524 1104 ratione
548 1082 678 1104 suarum
703 1072 1001 1116 praepositurarum
1026 1072 1080 1105 hu-

333 1122 473 1158 iusmodi
494 1126 763 1168 competentibus,
785 1125 888 1159 donec
913 1131 943 1158 et
959 1136 1080 1168 quous-

334 1188 398 1221 que
418 1178 546 1211 easdem
572 1179 808 1219 conclusiones,
831 1183 866 1211 ut
886 1180 1080 1222 praefertur,

334 1231 560 1272 sustinuerint,
583 1232 723 1265 destituti
749 1238 949 1266 remaneant.

379 1285 394 1328 ἓ
418 1284 449 1318 7.
476 1285 639 1326 Ceterum,
660 1290 695 1319 ut
714 1285 839 1319 virtutis
868 1286 1081 1319 aemulationt¹

336 1337 474 1371 maiores
494 1339 617 1372 fructus
637 1344 667 1372 et
687 1339 1004 1383 progressusibidem
1013 1351 1082 1383 pro—

336 1391 473 1432 veniant,
496 1403 532 1425 ac
548 1392 693 1436 cognitae
706 1399 736 1426 et
752 1397 912 1436 spectatae
925 1393 1082 1437 cuiusque

337 1445 501 1479 doctrinae
521 1446 744 1479 convenientia
762 1446 905 1490 praemia
917 1446 1083 1481 conferan-

337 1505 401 1539 tur,
424 1499 559 1542 quilibet
573 1499 831 1544 praepositorum
843 1500 1081 1544 praedictorum

337 1553 376 1585 de
408 1552 554 1586 inferiori
579 1553 617 1586 ad
651 1553 851 1597 superiorem
885 1554 1081 1595 cathedram,

338 1617 397 1650 per
412 1612 561 1639 mutuum
583 1617 789 1649 concursum,
812 1607 938 1651 singulo
955 1619 1084 1651 quoque

339 1659 492 1700 triennio,
514 1660 649 1701 admitti,
672 1666 702 1694 et
720 1660 757 1701 si,
773 1660 919 1704 rigoroso
940 1661 1084 1694 examine

339 1713 479 1757 praevio,
509 1714 610 1757 magis
634 1713 768 1748 idoneus
800 1720 948 1759 repertus
976 1715 1083 1756 fuerit,

339 1767 378 1799 ad
399 1766 599 1810 superiorem
630 1768 815 1801 cathedram
845 1767 1032 1802 huiusmodi
1053 1780 1085 1802 a-

338 1819 502 1861 scendere,
517 1826 547 1854 et
567 1831 604 1854 eo
622 1832 698 1854 casu
710 1822 967 1866 praeposituram
982 1822 1085 1856 eidem

339 1874 499 1917 superiori
528 1874 698 1907 cathedrae
725 1875 894 1916 affectam,
924 1881 1085 1920 tamquam

340 1927 409 1970 ipso
443 1927 513 1960 iure
542 1934 573 1961 et
596 1927 680 1961 sacto
699 1934 878 1970 vacantem,
910 1930 1086 1974 consequi,

340 1980 421 2013 alter
439 1991 513 2014 vero
534 1981 665 2023 evictus,
688 1982 727 2015 ad
756 1982 852 2015 aliam
877 1982 937 2015 sibi
964 1983 1090 2016 adiudi-

342 2033 476 2066 candam
497 2035 681 2068 cathedram
702 2041 733 2068 et
753 2035 800 2068 illi
826 2036 971 2070 affectam
996 2047 1090 2081 prae-

342 2086 519 2129 posituram
539 2088 675 2122 transire
699 2089 826 2123 debeat.
857 2089 982 2133 Singuli
1010 2100 1091 2133 quo-

343 2150 405 2183 que
422 2141 596 2184 praepositi
613 2142 824 2176 cathedratici
848 2143 996 2187 praefati,
1018 2154 1092 2176 exa-

345 2193 422 2225 mini
443 2204 568 2236 eorum,
597 2194 652 2239 qui
680 2196 720 2229 ad
744 2196 1020 2237 baccalaureatus‚
1053 2196 1092 2229 li-

346 2246 555 2289 centiaturae,
575 2248 760 2282 doctoratus
780 2255 811 2283 et
831 2249 1005 2293 magisterii
1021 2260 1093 2293 gra-

346 2299 406 2332 dus
425 2299 457 2332 in
467 2311 523 2333 sua
544 2302 701 2346 cuiusque
716 2303 867 2336 facultate
878 2314 937 2347 pro
951 2310 1094 2347 tempore

347 2354 634 2395 promovebuntur,
666 2355 858 2390 intervenire
888 2357 1028 2400 possint3
1059 2367 1095 2390 ac

349 2401 493 2434 eamdem
521 2403 701 2446 portionem
723 2416 759 2438 ex
775 2405 1003 2439 emolumentis
1023 2406 1096 2438 inde

350 2450 609 2492 provenientibus
633 2463 729 2496 quam
750 2454 868 2498 singuli
894 2455 949 2488 alii
978 2454 1097 2488 exami-

350 2503 479 2532 natores
498 2501 663 2544 percipere
683 2502 832 2536 debeant.

396 2546 411 2590 ἓ
435 2546 466 2581 8,
493 2548 530 2581 Et
544 2555 609 2582 tam
622 2550 682 2594 ipsi
698 2552 873 2597 praepositi
885 2563 981 2597 quam
994 2552 1098 2586 dictus
1139 2565 1278 2598 cumque
1297 2555 1359 2587 alia
1382 2559 1508 2595 statuta,
1534 2553 1750 2586 ordinationes
1776 2556 1807 2585 et
1826 2551 1882 2584 de-

353 2600 468 2638 tector,
492 2598 642 2633 omnibus
661 2600 725 2633 illis
743 2601 832 2635 horis
851 2608 882 2636 et
899 2602 1099 2647 temporibus
1140 2609 1239 2652 cretah,
1261 2603 1299 2637 ad
1317 2603 1518 2644 electionem,
1533 2601 1786 2648 deputationem,
1803 2610 1883 2645 qua-

927 216 1107 244 Butuntum
1125 216 1275 243 Romnum
1878 219 1931 249 An.
1947 208 2037 276 2152,

1118 270 1236 314 quibus
1260 268 1326 304 suis
1349 269 1466 304 officiis
1489 276 1521 305 et
1534 270 1756 307 functionibus
1770 283 1864 307 vaca·
1931 280 2025 318 ,ιριωη

1118 324 1211 364 bunt,
1233 328 1288 357 aut
1296 323 1492 358 scholarium
1505 325 1862 369 disputationibusexa-
1880 313 2051 366 imis-2²:5²¹*

1119 377 1269 418 minibus,
1300 377 1558 420 promotionibus
1583 379 1717 422 aliisque
1740 381 1865 414 actibus
1879 377 2023 430 {2⁰³5ssssssaess
2047 379 2058 413 2'

1122 431 1344 474 publicissuae
1355 431 1512 475 cuiusque
1524 431 1684 465 facultatis
1695 439 1726 466 et
1742 434 1864 477 profes-

1119 483 1217 517 sionis
1250 484 1397 517 assistent
1416 489 1446 518 et
1472 484 1695 526 intervenient,
1727 487 1767 519 ad
1790 488 1867 520 resi-

1120 536 1262 570 dendum
1273 537 1305 570 in
1322 537 1406 570 dicta
1417 538 1553 571 ecclesia
1565 538 1731 572 Valentina
1743 544 1773 572 et
1782 539 1868 573 illius

1120 590 1231 631 choro,
1254 601 1291 623 ac
1322 590 1579 624 interessendum
1613 591 1727 625 divinis
1754 592 1868 625 officiis

1120 643 1254 676 minime
1269 648 1452 685 teneantur,
1481 650 1512 678 et
1530 643 1742 678 nihilominus
1762 645 1868 678 distri-

1119 696 1269 731 butiones
1287 697 1492 742 quotidianas
1501 697 1683 742 percipiant
1699 703 1730 731 et
1741 698 1870 732 lucren-

1121 756 1173 784 tur
1190 761 1263 784 cum
1293 762 1330 785 ea
1350 750 1543 794 integritate,
1578 762 1643 795 qua
1671 751 1741 784 illas
1768 751 1871 795 perci—

1122 809 1235 848 perent
1258 809 1290 838 et
1307 805 1526 846 lucrarentur,
1548 805 1573 838 si
1594 805 1719 838 statutis
1738 805 1825 838 horis
1838 810 1870 839 et

1121 857 1322 901 temporibus
1354 858 1540 891 huiusmodi
1571 859 1604 891 in
1635 858 1705 902 ipsa
1733 858 1869 892 ecclesia

1121 911 1288 944 Valentina
1308 917 1339 944 et
1355 911 1443 945 illius
1459 912 1559 945 choro
1579 910 1770 953 residerent,
1784 911 1869 945 etdi-

1120 964 1200 998 vinis
1219 964 1334 998 officiis
1352 965 1554 999 interessent.

1165 1024 1179 1064 ἕ
1205 1018 1236 1052 9.
1263 1019 1322 1058 Qui
1337 1030 1412 1053 vero
1427 1019 1669 1064 praeposituras
1689 1019 1869 1064 primarum
1897 1034 2036 1067 tectorum

1121 1072 1346 1106 cathedrarum
1367 1073 1554 1107 huiusmodi
1565 1084 1623 1118 pro
1635 1078 1780 1117 tempore
1788 1073 1870 1106 obti-
1882 1064 2035 1124 22¹⁵pr‘20‘3ss

1121 1125 1264 1166 nuerint,
1286 1126 1415 1170 quando
1433 1132 1464 1160 et
1483 1127 1610 1170 quoties
1622 1138 1640 1160 a
1651 1126 1803 1170 praefatis
1818 1137 1869 1160 ca·
1881 1126 2030 1155 uespnem
2046 1152 2049 1170 :

1120 1178 1224 1221 pitulo
1239 1179 1383 1223 requisiti
1402 1179 1533 1220 suerint,
1554 1180 1588 1212 in
1605 1180 1793 1213 omnibuset
1806 1178 1869 1212 sin·
2034 1179 2035 1188 ¹

1121 1231 1330 1274 gulislitibus,
1348 1233 1452 1266 causis
1464 1238 1493 1266 et
1504 1233 1640 1276 negotiis
1648 1232 1802 1266 ecclesiae
1811 1233 1870 1265 Va-

1122 1284 1261 1318 lentinae
1275 1285 1426 1329 illiusque
1443 1285 1576 1329 capituli
1590 1285 1788 1326 huiusmodi,
1802 1290 1868 1318 tam

1123 1339 1321 1372 coniunctim
1331 1350 1429 1382 quam
1441 1339 1566 1372 divisim
1583 1339 1777 1383 (nontamen
1790 1349 1868 1372 con-

1123 1397 1171 1425 tra
1181 1392 1424 1427 Universitatem
1440 1393 1544 1426 Studii
1556 1392 1714 1436 generalis
1727 1403 1764 1426 ac
1779 1403 1868 1426 com-

1123 1445 1314 1479 munitatem
1326 1451 1356 1479 et
1367 1446 1601 1491 rempublicam
1612 1445 1746 1480 civitatis
1755 1446 1868 1479 Valen-

1123 1500 1209 1533 tinae
1227 1500 1439 1544 huiusmodi),
1455 1501 1609 1534 advocare
1617 1505 1647 1533 et
1658 1498 1867 1543 patrocinari,

1123 1564 1161 1586 ac
1181 1553 1351 1587 consilium
1363 1559 1394 1587 et
1405 1553 1868 1597 operamfideliterpraestare;

1124 1607 1265 1651 theologi
1283 1618 1359 1641 vero
1377 1608 1511 1641 verbum
1530 1607 1586 1641 Dei
1610 1607 1642 1640 in
1667 1607 1737 1651 ipsa
1766 1606 1871 1640 eccle-

1125 1661 1171 1694 sia
1182 1661 1350 1695 Valentina
1359 1660 1548 1706 praedicare
1559 1666 1590 1694 et
1602 1660 1789 1694 concionari
1802 1670 1872 1704 gra-

1125 1714 1166 1748 tis
1179 1715 1340 1758 etabsque
1351 1715 1418 1748 ulla
1434 1724 1567 1758 prorsus
1580 1713 1729 1747 mercede
1736 1713 1874 1748 debeant

1126 1773 1157 1801 et
1173 1774 1355 1810 teneantur,
1376 1768 1566 1802 auctoritate
1584 1772 1615 1801 et
1634 1772 1746 1801 tenore
1763 1765 1875 1800 simili-

1125 1821 1197 1863 bus,
1228 1821 1350 1866 pariter
1367 1827 1525 1867 perpetuo
1545 1820 1713 1854 statuimus
1736 1825 1767 1854 et
1784 1818 1874 1854 ordi-

1127 1886 1252 1908 namus.

1171 1930 1187 1973 g
1210 1929 1263 1963 10.
1289 1928 1420 1963 Necnon
1439 1938 1498 1972 pro
1513 1933 1659 1972 tempore
1669 1926 1875 1961 existentibus
1915 1936 2032 1974 Arenio-pt·

1129 1983 1373 2027 archiepiscopo
1397 1982 1575 2023 Valentino,
1606 1987 1770 2026 tamquam
1798 1990 1875 2014 can·
1887 1967 2049 2027 ffiuffiffl'e

1130 2036 1272 2078 cellario,
1300 2047 1357 2070 seu
1377 2037 1445 2069 eius
1464 2035 1584 2073 vicario
1607 2046 1645 2069 ac
1664 2034 1781 2068 rectori
1797 2033 1876 2068 Uni·
1890 2031 2030 2084 ffiffwr
2046 2063 2047 2073 ,

1133 2090 1298 2132 versitatis,
1321 2100 1449 2124 necnon
1468 2089 1581 2123 iuratis
1601 2088 1807 2129 consulibus,
1827 2098 1878 2121 ra·
1891 2092 2026 2116 ..niusa
2046 2102 2047 2107 ¹

1133 2144 1243 2177 tionali
1260 2149 1291 2178 et
1314 2143 1444 2188 syndico
1464 2142 1597 2176 civitatis
1625 2142 1812 2176 valentinae
1827 2151 1879 2176 ce·

1133 2198 1273 2242 terisque
1291 2197 1341 2230 ius
1361 2196 1499 2240 eligendi
1520 2195 1707 2229 huiusmodi
1734 2194 1880 2229 habenti-

1136 2252 1204 2292 lius,
1216 2257 1263 2292 ut,
1281 2251 1401 2285 vocatis
1421 2256 1451 2284 et
1470 2249 1620 2283 adhibitis
1638 2260 1747 2283 secum
1764 2248 1881 2293 aliqui-

1136 2305 1194 2338 bus
1214 2305 1319 2339 dictae
1334 2304 1490 2338 ecclesiae
1509 2303 1695 2337 Valentinae
1706 2301 1879 2343 canonicis,

1138 2359 1314 2392 litterarum
1335 2357 1469 2392 scientia
1488 2368 1524 2390 ac
1544 2367 1654 2390 rerum
1674 2367 1735 2390 usu
1751 2355 1880 2401 praedi-

1137 2408 1187 2448 tis,
1218 2418 1299 2451 quos
1326 2407 1366 2440 ad
1393 2407 1455 2440 hoc
1475 2405 1624 2440 duxerint
1647 2405 1823 2449 eligendos,
1843 2415 1881 2439 ac

1137 2456 1215 2489 alias
1235 2457 1320 2490 iuxta
1340 2457 1524 2489 facultatem
1544 2455 1590 2489 eis
1609 2466 1627 2488 a
1646 2455 1789 2499 praefato
1808 2454 1882 2487 Ate-

1137 2505 1258 2538 xandro
1289 2505 1536 2549 praedecessore
1556 2514 1754 2545 concessam,
1782 2513 1881 2546 quae·
