2059 3228
130 187 183 218 An.
199 187 228 218 C.
243 186 310 218 1575

370 181 434 215 544

326 242 476 277 Farnesio
496 246 697 286 nuncupato,
734 241 773 275 ad
803 252 916 286 quem,
951 243 1075 276 ratione

327 295 480 330 ecclesiae
509 296 540 327 S.
573 295 734 328 Laurentii
756 295 788 328 in
807 295 956 338 Damaso,
978 297 1073 330 etiam

325 349 362 381 de
384 348 479 388 Urbe,
503 353 558 381 aut
577 348 654 382 alias
674 348 777 383 dictae
797 350 950 384 ecclesiae
964 350 995 384 S.
1010 351 1074 384 Ma-

324 401 389 434 riae
411 400 606 442 t'allicellae,
633 401 710 435 dum
730 408 831 444 vacat,
850 404 1073 449 collatio,pro-

322 454 412 494 visio,
436 455 651 498 praesentatio
671 461 702 489 et
722 457 907 491 omnimoda
926 458 987 491 alia
1008 458 1073 492 dis-

325 506 441 550 positio
469 507 618 552 pertinet,
647 519 684 542 ac
712 510 836 544 dilectis
857 511 931 544 filiis
952 513 1073 556 populo

323 560 480 602 Romano,
502 561 561 594 sub
577 562 837 608 quibuscumque
857 565 1023 598 tenoribus
1043 572 1074 599 et

322 614 446 654 formis,
469 626 505 648 ac
526 626 600 648 cum
621 616 794 660 quibusvis,
820 618 915 651 etiam
936 618 1071 662 deroga-

320 667 478 700 toriarum
499 668 712 712 derogatoriis
731 670 867 714 aliisque
884 671 1073 705 efficaciori-

320 719 381 753 bus
401 726 432 754 et
455 720 601 764 insolitis,
624 723 788 764 clausulis,
810 735 847 757 ac
871 724 1072 758 irritantibus

321 779 351 806 et
370 773 441 807 aliis
466 775 615 817 decretis,
642 777 739 809 etiam
764 783 854 811 motu
889 779 1021 823 proprio
1042 785 1073 812 et

320 837 357 860 ex
377 832 464 861 certa
488 828 621 862 scientia
640 830 745 874 deque
765 831 959 874 apostolicae
979 837 1070 876 pote-

320 881 410 914 statis
434 881 636 925 plenitudine
662 894 699 917 ac
727 884 864 918 fratrum
885 891 1070 919 nostrorum

319 934 467 975 consilio,
490 936 586 969 etiam
612 936 733 970 iteratis
752 938 885 980 vicibus,
906 939 1001 972 etiam
1012 950 1071 984 per

318 988 508 1023 recolendae
529 990 705 1024 memoriae
735 992 874 1025 Leonem
900 993 1020 1037 Papam
1044 993 1070 1026 X

318 1041 463 1086 aliosque
501 1042 662 1077 Romanos
703 1044 873 1078 Pontifices
923 1045 1071 1079 similiter

317 1096 581 1139 praedecessores
613 1102 750 1138 nostros,
779 1109 816 1131 ac
844 1099 951 1132 forsan
971 1099 1068 1132 etiam

318 1159 375 1181 nos
392 1154 422 1182 et
434 1149 549 1183 Sedem
569 1151 745 1194 praefatam
757 1152 930 1192 concessis,
951 1163 1069 1196 appro-

317 1202 400 1236 batis
427 1208 458 1236 et
485 1203 655 1245 innovatis,
677 1205 739 1238 illis
763 1206 964 1250 praesertim,
996 1206 1069 1249 qui-

316 1255 377 1289 hus
397 1256 480 1291 inter
499 1257 562 1291 alia
572 1258 676 1291 caveri
688 1258 807 1292 dicitur
822 1270 969 1304 expresse
981 1259 1069 1304 quod

318 1309 357 1343 de
381 1310 643 1356 quibuscumque
662 1312 828 1346 beneficiis
843 1313 1069 1347 ecclesiasticis

318 1363 368 1397 dic
374 1371 422 1398 tae
430 1364 535 1406 Urbis,
545 1365 709 1400 vacatione
717 1366 849 1399 illorum
857 1377 916 1412 pro
926 1372 1069 1411 tempore

319 1423 523 1459 occurrente,
538 1419 609 1452 aliis
638 1430 737 1463 quam
764 1420 886 1454 civibus
916 1420 1069 1454 Romanis

318 1477 347 1504 et
365 1471 615 1516 originariorum
636 1473 754 1506 civium
767 1474 986 1508 Romanorum
995 1474 1069 1508 filiis

318 1531 348 1558 et
370 1525 476 1559 forsan
509 1526 587 1560 alias
622 1532 710 1560 certo
744 1527 840 1561 modo
874 1528 1069 1572 qualificatis

317 1579 480 1624 provideri
505 1581 553 1614 vel
578 1581 656 1615 alias
675 1582 803 1626 disponi
823 1593 888 1616 non
908 1583 1017 1627 possit,
1039 1588 1070 1617 et

318 1633 411 1667 aliter
431 1633 470 1667 de
490 1633 564 1676 illis,
579 1635 674 1668 etiam
685 1646 743 1680 per
754 1635 868 1669 Sedem
880 1637 1082 1681 praefatam„

318 1698 378 1731 pro
399 1693 545 1732 tempore
573 1689 674 1722 sactae
706 1690 906 1731 collationes,
938 1702 1069 1725 conces-

318 1741 436 1783 siones,
454 1741 590 1776 uniones
611 1748 642 1776 et
661 1742 743 1776 aliae
763 1743 989 1787 dispositiones
998 1745 1069 1778 nul-

318 1794 381 1827 lius
406 1794 468 1828 sint
494 1795 619 1828 roboris
640 1796 688 1829 vet
715 1796 890 1838 momenti;
917 1798 1068 1842 quodque

319 1848 439 1882 eisdem
461 1848 636 1892 privilegiis
669 1855 699 1882 et
724 1849 856 1883 indultis
885 1852 1069 1885 nullatenus

318 1907 374 1935 aut
397 1912 462 1935 non
495 1902 556 1935 nisi
578 1902 674 1936 modo
697 1908 729 1936 et
748 1903 850 1936 forma
871 1904 903 1936 in
927 1904 990 1938 illis
1014 1916 1068 1938 ex-

319 1956 438 2000 pressis
462 1956 612 2000 derogari
638 1963 694 1990 aut
724 1957 914 2001 derogatum
943 1959 1068 1992 censeri

319 2010 430 2054 possit,
454 2015 484 2043 et
504 2010 530 2043 si
541 2010 603 2043 illis
615 2011 708 2044 aliter
722 2011 870 2055 derogari
889 2013 1066 2056 contingat,

320 2063 544 2106 derogationes
556 2063 744 2097 huiusmodi
757 2065 879 2098 nemini
892 2066 1070 2109 suffragen-

320 2122 384 2149 tur.
410 2116 532 2155 Quibus
551 2117 702 2151 omnibus
721 2123 753 2151 et
771 2117 918 2161 singulis,
930 2119 1066 2159 etiamsi,

320 2180 379 2213 pro
400 2170 531 2203 illorum
551 2170 724 2204 sufficienti
750 2171 970 2215 derogatione,
991 2173 1069 2206 alias

321 2223 360 2256 de
381 2223 442 2257 illis
462 2234 642 2268 eorumque
661 2225 735 2258 totis
755 2226 921 2259 tenoribus
945 2226 1068 2271 specia-

322 2275 372 2316 lis,
396 2277 557 2321 specifica,
579 2289 728 2322 expressa
747 2284 778 2313 et
798 2278 963 2313 individua
979 2291 1015 2313 ac
1031 2280 1069 2314 de

321 2329 417 2362 verbo
437 2330 476 2363 ad
495 2330 641 2372 verbum,
664 2342 728 2365 non
747 2338 856 2365 autem
877 2344 935 2376 per
945 2334 1070 2367 clausu-

322 2377 369 2410 las
392 2380 559 2422 generales
585 2380 669 2414 idem
696 2381 919 2425 importantes,
949 2383 1070 2416 mentio

323 2435 379 2459 seu
399 2427 462 2460 alia
490 2429 620 2472 quaevis
645 2431 808 2474 expressio
835 2431 994 2473 habenda,
1016 2438 1071 2465 aut

324 2474 431 2518 aliqua
449 2477 544 2510 etiam
565 2479 721 2522 exquisita
740 2479 843 2513 forma
862 2480 901 2513 ad
925 2480 987 2514 hoc
1003 2491 1071 2514 ser-

325 2523 426 2555 vanda
446 2524 538 2566 soret,
561 2525 709 2561 illisalias
728 2528 760 2561 in
781 2539 838 2561 suo
859 2529 975 2562 robore
995 2539 1070 2573 per-

325 2573 497 2615 mansuris,
518 2573 578 2607 h‘ac
601 2575 668 2610 vice
688 2575 863 2619 dumtaxat,
890 2578 1072 2622 specialiter

919 188 1099 215 numanum
1117 187 1268 214 mmmm

1118 248 1148 275 et
1168 252 1317 286 expresse
1341 241 1547 286 derogamus.
1567 242 1724 287 Quodque
1739 242 1779 277 de
1798 251 1869 287 gre-

1118 296 1182 329 mio
1202 296 1306 329 dictae
1326 297 1584 339 congregationis
1601 296 1745 330 diversae
1758 306 1868 340 perso-

1116 359 1177 382 nae
1201 360 1240 382 ex
1255 349 1340 383 dicta
1359 349 1443 383 Urbe
1463 349 1618 383 oriundae
1632 350 1681 383 vel
1692 349 1769 383 alias
1779 350 1868 382 iuxta

1116 401 1201 436 dicta
1232 407 1350 436 statuta
1382 402 1587 446 qualificatae
1625 413 1690 436 non
1721 403 1866 443 existant,

1117 456 1287 489 contrariis
1297 456 1570 500 quibuscumque.
1581 456 1645 489 Aut
1654 455 1681 489 si
1691 456 1790 500 aliqui
1810 467 1864 490 su-

1116 518 1174 552 per
1193 508 1431 552 provisionibus
1451 509 1513 542 sibi
1532 509 1688 542 faciendis
1706 509 1746 542 de
1754 509 1866 543 huius-

1117 562 1203 595 modi
1223 562 1272 596 vel
1291 562 1363 596 aliis
1386 562 1555 596 beneficiis
1582 561 1808 596 ecclesiasticis
1831 563 1862 596 in

1116 615 1185 659 ipsa
1204 615 1289 649 Urbe
1314 615 1471 660 speciales
1488 616 1538 649 vel
1566 616 1733 660 generales
1760 615 1864 650 dictae

1114 668 1204 702 Sedis
1218 669 1266 702 vel
1285 669 1466 712 legatorum
1486 669 1556 703 eius
1573 669 1696 702 litteras
1712 669 1864 713 impetra-

1114 722 1196 763 rint,
1225 722 1350 756 etiamsi
1382 733 1442 766 per
1470 733 1523 756 eas
1549 723 1591 756 ad
1623 722 1862 763 inhibitionem,

1113 771 1365 805 reservationem
1385 777 1417 804 et
1436 771 1603 806 decretum
1617 772 1666 805 vel
1689 771 1768 805 alias
1787 782 1865 816 quo-

1114 820 1292 853 modolibet
1302 820 1343 854 sit
1361 831 1563 865 processum.
1582 821 1665 860 Quas
1676 821 1864 864 quidemlit-

1112 873 1197 902 teras
1216 874 1247 903 et
1270 880 1443 913 processus
1461 870 1589 903 habitos
1608 881 1666 914 per
1685 870 1812 904 easdem
1833 876 1864 904 et

1112 917 1186 950 inde
1206 924 1344 962 sequuta
1363 930 1589 964 quaecumque
1609 920 1649 953 ad
1674 919 1792 953 dictam
1812 930 1862 953 ec-

1112 966 1242 1000 clesiam
1263 968 1297 1001 B.
1320 967 1436 1001 Mariae
1465 969 1614 1001 volumus
1633 979 1698 1002 non
1723 969 1861 1011 extendi,

1111 1015 1167 1047 sed
1183 1016 1310 1049 nullum
1334 1027 1393 1060 per
1412 1017 1474 1050 hoc
1494 1017 1550 1057 eis,
1570 1015 1677 1061 quoad
1689 1017 1863 1051 assecutio-

1112 1075 1185 1097 nem
1204 1064 1441 1098 beneficiorum
1451 1066 1603 1105 aliorum,
1625 1065 1864 1110 praeiudicium

1111 1114 1271 1156 generari.
1299 1114 1336 1147 Et
1365 1115 1564 1158 quibuslibet
1582 1115 1654 1148 aliis
1676 1115 1862 1159 privilegiis,

1111 1166 1321 1209 indulgentiis
1349 1173 1380 1200 et
1405 1167 1521 1202 litteris
1540 1168 1738 1212 apostolicis,
1765 1179 1864 1212 gene·

1112 1215 1234 1248 ralibus
1264 1215 1313 1249 vel
1344 1216 1549 1260 specialibus,
1581 1227 1864 1262 quorumcumque

1111 1269 1261 1298 tenorum
1283 1265 1430 1306 existant,
1451 1276 1510 1309 per
1525 1276 1621 1309 quae,
1640 1266 1864 1310 praesentibus

1111 1323 1175 1346 non
1209 1324 1358 1357 expressa
1381 1314 1431 1348 vel
1465 1315 1606 1348 totaliter
1632 1326 1699 1348 non
1731 1315 1862 1357 inserta,

1111 1362 1244 1395 effectus
1269 1373 1381 1396 earum
1402 1363 1554 1407 impediri
1573 1364 1864 1407 valeatquomodo·

1110 1411 1189 1445 libet
1207 1412 1257 1445 vel
1277 1411 1410 1453 differri,
1438 1417 1469 1446 et
1493 1413 1532 1446 de
1556 1413 1676 1456 quibus
1704 1424 1862 1458 quorum-

1111 1471 1173 1504 que
1193 1461 1267 1494 totis
1284 1461 1452 1495 tenoribus
1471 1461 1621 1495 habenda
1640 1462 1680 1495 sit
1697 1462 1729 1495 in
1744 1462 1862 1496 nostris

1111 1510 1225 1544 litteris
1258 1510 1379 1544 mentio
1403 1510 1551 1554 specialis
1567 1537 1575 1552 ,
1610 1511 1739 1555 proviso
1775 1511 1862 1555 quod

1110 1560 1178 1604 ipsa
1195 1560 1331 1593 ecclesia
1360 1560 1495 1593 Sanctae
1515 1559 1630 1594 Mariae
1649 1560 1765 1594 debitis
1783 1571 1860 1604 pro-

1110 1613 1221 1652 pterea
1241 1619 1306 1642 non
1339 1609 1509 1642 fraudetur
1533 1609 1711 1652 obsequiis,
1737 1615 1769 1642 et
1795 1609 1861 1642 ani-

1110 1668 1237 1691 marum
1263 1669 1342 1691 cura
1357 1658 1389 1691 in
1410 1669 1447 1692 ea
1466 1658 1652 1692 nullatenus
1666 1659 1858 1702 negligatur,

1111 1708 1165 1740 sed
1185 1707 1272 1740 illius
1284 1718 1427 1750 congrue
1437 1712 1668 1751 supportentur
1677 1718 1777 1741 onera
1787 1718 1861 1741 con-

1109 1762 1210 1788 sueta.
1233 1756 1319 1788 Nulli
1338 1766 1415 1799 ergo
1435 1756 1568 1790 omnino
1588 1761 1645 1790 etc.
1668 1756 1700 1790 Si
1716 1756 1789 1801 quis
1804 1767 1859 1790 au-

1111 1809 1174 1837 tem
1199 1809 1257 1838 etc.

1154 1855 1269 1886 Datum
1289 1853 1409 1887 Romae
1435 1854 1521 1897 apud
1546 1854 1578 1888 S.
1599 1854 1743 1896 Petrum,
1774 1864 1859 1888 anuo

1110 1901 1344 1935 Incarnationis
1362 1902 1544 1936 dominicae
1572 1903 1743 1937 millesimo
1764 1903 1859 1947 quin-

1111 1951 1289 1994 gentesimo
1297 1952 1535 1995 septuagesimo
1551 1952 1676 1996 quinto,
1689 1952 1795 1986 idi'ms
1812 1953 1860 1986 iu-

1110 1999 1154 2040 lii,
1173 1999 1381 2044 pontificatus
1399 2001 1501 2034 nostri
1517 2011 1601 2035 anno
1620 2011 1664 2034 lv.

1162 2057 1225 2088 Dat.
1245 2057 1293 2088 die
1309 2058 1346 2088 15
1364 2058 1431 2089 iulii
1446 2059 1534 2098 1575,
1552 2059 1659 2099 pontis.
1675 2068 1753 2090 anno
1767 2067 1811 2099 lv3

1389 2196 1567 2231 CLXXXVII

1267 2267 1513 2311 Confirmantur
1530 2269 1706 2314 privileyia

1112 2320 1250 2354 militiae
1268 2321 1464 2356 Sanctorum
1481 2322 1634 2358 Mauritii
1651 2329 1681 2358 et
1699 2323 1856 2360 Lazari¹.

1156 2397 1302 2431 Gregorius
1319 2397 1471 2436 episcopus,
1486 2405 1581 2429 servus
1595 2407 1736 2430 servorum
1753 2401 1813 2436 Dei.

1254 2451 1288 2479 ad
1306 2453 1467 2487 perpetuam
1481 2454 1522 2482 rei
1541 2454 1712 2484 memoriam.

1156 2507 1216 2541 Pro
1236 2510 1431 2552 apostolicae
1450 2512 1611 2547 servitutis
1625 2523 1735 2557 onere,
1756 2519 1788 2549 et
1801 2523 1858 2549 no·
1896 2512 1992 2552 morer·

1149 2590 1160 2616 1
1179 2588 1221 2618 Ex
1236 2589 1347 2625 Regest.
1363 2590 1392 2620 in
1411 2591 1516 2622 secret.
1531 2593 1674 2624 Brevium.

1995 2576 2022 2649 ’ξ’

1980 3092 2012 3102 J
1985 3067 1995 3079 ·“
1993 2995 2015 3057 ‹os-x·
