2059 3228
39 248 66 280 0.
83 249 151 279 :tw

162 321 297 354 cumque
331 310 489 344 Romanos
523 309 689 346 Pontifices
722 311 905 354 praedeces-

164 373 249 398 sores
272 369 412 404 nostros,
437 374 473 396 ac
498 374 555 397 nos
578 369 608 397 et
633 364 749 396 dictam
775 363 885 395 Sedcm
900 388 907 402 ,

162 417 195 450 in
219 426 334 459 genere
357 420 390 449 et
412 416 444 449 in
469 416 572 459 specie
600 416 767 455 concessis,
793 414 907 448 confir-

163 470 255 504 matis
278 476 310 503 et
333 470 489 503 innovatis
506 497 514 511 ‚
549 481 584 502 ac
615 470 710 502 etiam
746 479 802 512 per
825 467 907 500 viam

163 522 462 556 communicationis
486 523 523 555 ad
549 523 693 555 eamdem
732 530 907 563 congrega-

163 576 282 609 tionem
306 575 523 609 Cassinenscm
546 574 696 615 extensis,
722 574 838 616 quibus
862 572 905 605 illi

164 633 299 662 utuntur
312 656 319 670 ‚
337 629 502 672 potiuntur
518 633 548 661 et
564 627 714 670 gaudent,
730 631 758 659 et
778 626 835 666 uti,
852 635 907 668 po-

165 681 218 715 tiri
242 687 271 715 et
296 681 434 724 gaudere
459 686 608 724 poterunt
624 678 861 723 quomodolibet
876 677 908 709 in

163 735 307 769 futurum
324 736 336 779 (
353 745 434 779 quac
459 740 565 767 tamen
589 744 648 766 usu
673 737 798 774 recepta
823 730 908 770 sint,

164 793 197 822 et
219 787 316 821 sacris
340 787 515 820 canonibus
538 797 574 819 ac
597 785 671 819 dicti
696 784 822 817 concilii
841 782 908 815 Tri-

164 840 286 874 dentini
310 840 444 874 decretis
468 839 628 882 ipsiusque
651 838 776 872 Ordinis
800 838 829 870 S
854 837 909 869 Ba-

165 893 227 928 silii
252 893 389 927 instituti
414 903 477 926 non
494 891 723 933 adversentur),
738 891 794 931 uti,
812 890 907 933 potiri

167 951 198 980 et
221 947 360 990 gaudere
383 946 480 979 libere
504 951 534 978 et
557 945 640 978 licite
664 945 813 983 valeant,
836 952 910 974 con-

168 999 309 1033 cedimus
330 1004 363 1032 et
385 998 600 1041 indulgemus.

212 1054 227 1097 §
251 1053 303 1086 19.
327 1052 541 1095 Eamdemque
569 1050 849 1094 congregationem
881 1049 910 1080 S.

30 1097 286 1148 ffi‘ss‘ssssasilii,
310 1105 455 1149 illiusque
477 1109 659 1145 conventus,
684 1103 857 1136 monachos
881 1106 909 1133 ct

51 1155 318 1204 ffssssssssffpersonas
348 1169 564 1203 quascumque
597 1159 637 1191 ab
661 1158 747 1192 omni
786 1156 912 1189 ordina-

33 1203 291 1252 mzffllriorum
325 1213 492 1254 locorum,
530 1223 566 1245 ae
593 1212 688 1245 etiam
723 1221 834 1244 eorum
859 1207 911 1251 qui

41 1256 365 1306 &immmonasteria
399 1265 473 1298 dicti
509 1264 657 1305 Ordinis,
692 1264 787 1297 etiam
811 1262 914 1295 archi-

172 1319 384 1354 mandritatus
408 1319 572 1363 appellata,
588 1318 619 1351 in
632 1318 852 1351 commendam
871 1317 916 1349 vel

173 1372 251 1409 alias
274 1372 511 1417 quomodolibet
534 1372 740 1413 obtinuerint,
757 1372 917 1404 eumdem-

173 1437 235 1470 que
259 1420 410 1460 Ordinem
434 1425 463 1458 S.
489 1424 595 1458 Basilii
613 1435 758 1468 expresse
788 1424 917 1468 professi

173 1489 239 1512 non
263 1477 392 1519 suerint,
416 1477 645 1518 iurisdictione,
669 1477 857 1510 auctoritate
889 1481 917 1509 ct

172 1536 327 1577 potestate
351 1530 477 1574 penitus
501 1530 667 1563 eximimus
691 1535 722 1562 et
735 1530 917 1570 liberamus,

174 1595 211 1619 ac
234 1584 293 1618 sub
316 1588 424 1617 nostra
447 1588 479 1616 et
501 1583 587 1616 Beati
612 1584 695 1616 Petri
724 1584 920 1627 protectione

174 1636 358 1672 immediate
381 1636 580 1679 suscipimus.
605 1636 648 1668 lta
674 1641 779 1669 tamen
803 1641 836 1669 ut
853 1646 920 1668 om-

173 1701 242 1732 nes,
265 1690 324 1723 sub
348 1689 432 1723 dicta
455 1689 651 1732 exemptione
675 1690 919 1733 comprehensi,

175 1743 300 1779 abbatis
323 1742 490 1786 generalis,
514 1742 735 1784 visitatorum,
759 1744 920 1785 abbatum,

174 1796 320 1840 priorum
343 1801 374 1828 et
397 1795 534 1828 aliorum
573 1796 754 1829 officialium
769 1823 776 1835 ,
801 1801 864 1830 tam
890 1798 920 1830 in

176 1849 261 1883 dicto
284 1848 423 1892 generali
448 1849 586 1892 capitulo
613 1860 706 1892 quam
732 1855 818 1882 extra
844 1851 918 1883 illud

175 1902 326 1936 canonice
349 1902 521 1935 electorum
546 1907 576 1935 et
600 1902 732 1934 aliorum
753 1930 759 1942 ,
784 1902 838 1945 qui
863 1913 920 1946 pro

176 1961 319 1999 tempore
343 1955 524 1998 eligentur,
550 1955 762 1988 iurisdictioni
782 1983 789 1997 ,
814 1956 921 1989 visita-

177 2059 248 2094 dem
273 2062 426 2104 Regulam
450 2061 480 2094 S.
504 2062 608 2095 Basilii
634 2073 670 2094 ac
706 2063 773 2095 cius
796 2062 923 2097 Ordinis

177 2113 332 2156 instituta,
356 2114 496 2155 omnino,
521 2120 615 2157 prout
638 2125 749 2148 eorum
767 2115 922 2149 incumbit

177 2166 315 2208 muneri,
338 2167 398 2200 sint
424 2167 568 2200 subiecti.

221 2221 236 2264 ἓ
259 2220 310 2254 20.
334 2220 466 2264 Insuper
490 2221 597 2254 abbati
630 2222 769 2264 generali
794 2229 825 2256 et
849 2223 922 2256 visi-

56 2265 335 2312 „.‘²„11}‚'tatoribus
357 2273 390 2306 in
413 2273 551 2317 capitulo
575 2274 713 2317 generali
738 2275 897 2319 deputatis
916 2304 923 2318 ‚

64 2318 215 2365 itim‘ss'fsslut
238 2325 441 2367 monasteria,
465 2326 624 2370 prioratus
647 2332 678 2360 et
702 2328 762 2361 alia
787 2329 864 2370 loca,
888 2340 924 2363 ac

56 2368 173 2416 ‘'¹¹⁸''
182 2379 311 2413 abbates
325 2406 333 2420 ‚
356 2378 478 2422 priores
495 2405 503 2419 ‚
526 2386 698 2413 conventus
721 2387 752 2414 et
776 2393 926 2424 personas

24 2429 25 2438 ¹
182 2432 440 2477 congregationis
456 2433 646 2475 praedictae,
663 2433 748 2466 iuxta
765 2435 840 2467 dicti
854 2447 926 2470 con-

182 2487 247 2521 cilii
270 2488 396 2521 decreta
419 2493 450 2519 et
473 2486 633 2529 regularia
663 2486 808 2520 instituta
833 2498 924 2531 prae-

185 2540 279 2581 dicta,
302 2539 440 2579 visitare,
464 2544 496 2571 et
518 2543 582 2571 tam
607 2539 640 2571 in
664 2540 764 2582 capite
782 2551 877 2583 quam
895 2541 928 2574 in

186 2592 337 2626 membris
359 2591 543 2633 reformare,
567 2592 795 2635 delinquentes,
820 2594 929 2628 inobe-

185 2645 305 2680 dientes
328 2651 359 2680 et
383 2646 512 2680 rebelles
551 2645 736 2689 corrigere,
762 2646 875 2689 punire
900 2653 930 2681 et

768 255 947 280 GREGORIUS
963 255 1019 278 xm
1037 255 1086 278 ΓΡ.

884 1009 896 1018 ’“
942 1006 1119 1045 protectore
1137 1028 1144 1041 ‚

177 2008 268 2047 tioni,
293 2018 480 2052 morumque
504 2009 702 2047 correctioni,
728 2010 812 2042 iuxta
836 2021 935 2043 eam-·

1571 245 1630 280 311
1687 246 1739 272 An.
1760 245 1788 271 C.
1811 246 1879 272 1⁵79

936 310 1101 351 castigarc,
1126 311 1284 352 regularia
1308 311 1382 346 dicti
1419 312 1546 346 Ordinis
1569 311 1598 345 S.
1624 311 1679 344 Ba-

936 363 996 395 silii
1023 362 1166 395 instituta
1189 363 1221 395 in
1246 363 1308 397 illis
1340 371 1446 398 exacte
1471 364 1681 398 custodienda

936 414 1136 448 introducere
1151 442 1159 456 ‚
1183 426 1219 449 ac
1250 416 1282 449 in
1306 418 1390 450 dicto
1414 418 1552 461 capitulo
1586 428 1681 461 gene-

937 469 992 501 rali
1032 479 1089 512 pro
1129 474 1269 513 tempore
1305 471 1506 513 congregatis
1537 470 1679 504 eiusdem

936 522 1192 565 congregationis
1206 523 1370 556 monachis
1381 534 1599 568 quaecumque
1615 527 1679 555 sta-

938 580 1003 607 tuta
1027 579 1058 608 et
1080 575 1298 608 ordinationes
1313 603 1321 617 ,
1345 576 1384 608 ad
1408 577 1544 608 salutare
1583 575 1683 619 ipsius

937 629 1196 672 congregationis
1221 629 1363 672 regimen
1388 634 1418 662 et
1441 629 1480 661 ad
1504 629 1682 672 regularem

938 683 1172 716 observantiam
1211 682 1404 726 pertinentia
1429 682 1540 725 (licita
1576 686 1683 714 tamen

938 741 966 768 et
992 736 1123 769 honesta
1154 747 1189 768 ac
1222 736 1319 768 sacris
1358 735 1533 768 canonibus
1556 740 1584 767 et
1609 744 1683 767 con-

939 788 1001 821 cilii
1026 788 1204 821 Tridentini
1230 788 1364 821 decretis
1389 798 1512 821 necnon
1546 789 1683 830 [tegulae

939 841 968 874 S.
993 841 1097 874 Basilii
1121 841 1275 884 praedicti
1301 841 1433 874 minime
1457 841 1630 882 contraria)
1644 840 1684 872 ab

940 894 1007 937 ipso
1046 899 1153 928 tamen
1192 894 1359 928 Guillelmo
1393 894 1546 927 cardinali
1574 898 1604 925 et
1628 903 1685 935 pro

940 953 1081 991 tempore
1105 947 1256 980 existente
1287 947 1390 980 dictae
1430 946 1687 989 congregationis

1191 1005 1361 1044 antequam
1419 1000 1688 1043 promulgentur,

940 1053 1148 1087 examinanda
1170 1059 1201 1086 et
1224 1053 1443 1096 approbanda,
1476 1052 1612 1085 condere
1636 1062 1687 1083 va-

944 1108 1035 1148 leant,
1060 1107 1218 1141 licentiam
1243 1106 1426 1139 tribuimus.

985 1162 1000 1204 g
1023 1160 1075 1193 21.
1113 1161 1321 1193 Decet-nentes
1361 1158 1541 1202 supradicta
1579 1158 1838 1212 omniamfflretum
1858 1166 1887 1183 n-

946 1219 1096 1258 perpetuo
1120 1213 1268 1246 inviolata
1294 1213 1371 1253 sore,
1396 1212 1504 1255 sicque
1522 1221 1578 1254 per
1595 1220 1687 1253 quos·
1765 1206 1771 1212 '

945 1278 1079 1310 cumque
1104 1266 1224 1299 iudices
1242 1294 1249 1306 ,
1273 1265 1452 1299 ordinarios
1479 1270 1509 1297 et
1532 1264 1690 1306 delegatos

947 1321 1041 1353 etiam
1066 1330 1233 1362 causarum
1259 1319 1369 1352 Palatii
1401 1317 1570 1361 Apostolici
1602 1317 1693 1350 audi-

950 1378 1042 1412 toreS,
1066 1383 1103 1405 ac
1126 1373 1156 1405 S.
1180 1364 1228 1405 R?
1245 1373 1277 1405 E.
1302 1372 1498 1413 cardinales,
1528 1371 1560 1403 in
1584 1370 1693 1414 quavis

950 1435 1042 1458 causa
1066 1430 1097 1458 et
1125 1425 1286 1466 instantia,
1315 1426 1437 1458 sublata
1461 1425 1577 1468 cuique
1601 1425 1693 1457 aliter

953 1478 1110 1511 iudicandi
1128 1482 1155 1510 et
1175 1478 1405 1521 interpretandi
1429 1478 1575 1511 facultate
1591 1481 1622 1510 et
1638 1487 1693 1508 au-

950 1530 1105 1571 ctoritate,
1122 1531 1241 1575 ubique
1259 1531 1393 1564 iudicari
1417 1531 1531 1564 debere
1546 1542 1552 1570 ;
1571 1540 1693 1562 necnon

953 1583 1077 1616 irritum
1094 1589 1124 1616 et
1140 1584 1234 1617 inane
1252 1584 1403 1628 quicquid
1421 1595 1510 1617 secus
1534 1594 1629 1626 super
1646 1583 1695 1615 his

953 1647 970 1669 a
993 1647 1164 1680 quoquam,
1190 1637 1300 1680 quavis
1323 1637 1536 1676 auctoritate,
1561 1636 1697 1669 scienter

954 1691 1000 1723 vel
1023 1690 1219 1733 ignoranter,
1243 1690 1412 1733 contigerit
1435 1690 1597 1723 attentari.

996 1744 1010 1787 ἓ
1034 1743 1086 1775 22.
1111 1743 1180 1784 Sed,
1205 1753 1245 1775 ne
1272 1743 1488 1786 praesentium
1516 1743 1692 1776 litterarum
1704 1745 1895 1791 sirlefflssgffifff

951 1798 1080 1830 effectus
1095 1796 1128 1829 in
1143 1797 1274 1839 longum
1298 1795 1513 1839 protrahatur,
1531 1796 1758 1829 Guillelmonaus
1785 1801 1892 1822 vr⁰¹⁰⁰²⁸f

1703 1825 1818 1848 deputatur
1845 1829 1896 1842 exe—

951 1849 1102 1882 cardinali
1125 1849 1286 1892 praedicto
1310 1849 1524 1893 praecipimus
1554 1854 1612 1889 ut,
1637 1851 1896 1899 P⁸¹'“0¹.}},‘'„-‘12.„1·,0.¹]}¹.J¹¹‘{

952 1914 982 1936 se
1005 1903 1053 1935 vel
1075 1902 1173 1935 alium
1197 1912 1252 1935 seu
1275 1902 1362 1943 alios,
1391 1902 1474 1944 ipsas
1512 1907 1753 1949 praescntcsffin
1762 1903 1899 1954 1533ssss

954 1956 1071 1989 litteras
1094 1961 1125 1988 et
1148 1955 1300 1999 quicquid
1325 1955 1359 1987 in
1382 1955 1428 1987 cis
1451 1954 1631 1986 continetur
1654 1954 1739 1986 absm-

955 2008 1108 2041 universis
1131 2014 1162 2041 et
1185 2008 1318 2051 singulis
1335 2007 1460 2040 Ordinis
1477 2012 1506 2040 et
1523 2017 1695 2050 congrega-

956 2063 1048 2095 tionis
1072 2062 1099 2095 S.
1125 2062 1228 2095 Basilii
1247 2061 1400 2105 praedicti
1415 2060 1593 2100 abbatibus,
1612 2060 1696 2102 prio-

955 2116 1041 2149 ribus
1065 2122 1092 2149 et
1120 2117 1283 2149 monachis
1307 2116 1439 2158 aliisque
1470 2113 1642 2156 praedictis
1665 2119 1697 2146 et

955 2171 1108 2204 dictorum
1134 2170 1398 2203 monasteriorum
1423 2174 1454 2201 et
1467 2167 1698 2201 archimandri-

957 2229 1076 2258 tatuum
1114 2224 1350 2268 praedictorum
1393 2222 1672 2255 commendatariis
1690 2249 1698 2262 ,

956 2279 1061 2319 etiam,
1085 2283 1119 2310 ut
1144 2277 1341 2321 praefertur,
1366 2275 1573 2319 qualificatis,
1597 2274 1699 2308 invio-

958 2334 1016 2365 late
1039 2331 1133 2364 faciat
1156 2329 1328 2370 observari,
1351 2333 1381 2361 et
1405 2327 1444 2360 ad
1461 2326 1698 2370 assignandum,

958 2391 987 2418 et
1010 2395 1082 2418 cum
1106 2383 1218 2416 effectu
1236 2381 1435 2420 tradendum,
1453 2390 1511 2423 pro
1529 2380 1699 2413 monacho-

959 2449 1029 2470 rum
1053 2442 1083 2469 et
1107 2436 1329 2468 ministrorum
1360 2444 1494 2467 numero
1517 2434 1641 2474 alendo,
1664 2444 1700 2466 ac

960 2500 1066 2523 mensa
1083 2487 1281 2521 conventuali
1293 2487 1323 2518 in
1342 2486 1392 2519 his
1409 2486 1700 2529 monaste1·iis‚qui-

960 2544 1017 2576 bus
1040 2553 1149 2575 eorum
1185 2544 1356 2573 conventus
1394 2539 1530 2571 existunt
1546 2566 1553 2579 ,
1578 2545 1699 2582 partem

960 2596 1115 2628 bonorum
1154 2598 1184 2626 et
1215 2592 1444 2635 proprietatum
1480 2603 1516 2625 ac
1557 2592 1674 2625 iurium
1692 2620 1699 2629 ,

958 2649 1156 2690 claustraque
1181 2651 1210 2680 et
1234 2646 1377 2680 aedificia
1416 2646 1577 2691 praedicta
1602 2647 1700 2679 libera
