2059 3228
139 208 192 234 An.
213 208 239 233 C.
261 210 327 234 1570
383 208 445 240 <152

338 272 440 303 serunt
456 298 462 309 ‚

338 323 424 355 sione
451 333 620 355 removere.

381 378 395 418 g
420 377 447 407 vl.
474 377 549 408 tlum
575 376 692 418 itaque,
710 385 766 418 per
782 376 902 408 litteras
919 375 1017 408 felicis
1034 385 1083 406 re-

196 432 215 477 [³
231 433 328 478 οέἳὲζηζ·
337 427 527 460 conlationis
553 427 670 460 Nicolai
695 428 796 471 Papae
821 428 934 472 quinti,
960 427 1079 459 nationi

306 493 327 529 T}
338 479 634 523 tre1m‘11111‘1cpro
658 480 740 513 illius
763 481 881 513 unione
905 487 933 513 et
951 491 1080 513 concor-

309 531 388 582 {gdist
411 543 482 564 cum
509 532 585 565 Sede
609 534 795 576 Apostolica,
820 534 903 566 inter
919 534 988 573 alia,
1006 543 1081 566 con-

308 622 323 633 η
353 585 472 625 edatur,
490 590 523 617 ut
550 586 682 629 quoties,
700 587 806 630 aliquo
831 592 960 619 vacante
986 586 1080 618 bene-

228 674 274 687 Ow
294 632 406 686 'lssssticio
438 639 647 672 ecclesiastico
679 639 711 672 in
741 640 901 672 mensibus
930 637 1077 682 ianuarii,

335 689 452 732 martii,
478 692 563 731 maii,
589 693 667 734 iulii,
692 693 879 736 septembris
904 698 934 725 et
950 703 1077 724 novem-

330 743 421 784 bris,
456 744 489 776 in
528 746 643 788 quibus
678 746 855 778 vacantium
891 745 1075 778 Germaniae

327 796 556 830 beneficiorum
593 798 875 832 ecclesiasticorum
911 797 1074 841 dispositio

328 849 524 896 dictaessedi
549 851 726 893 specialiter
749 856 906 884 reservata
930 856 985 890 est,
1010 861 1073 882 non

327 903 508 946 apparuerit
534 903 619 935 intra
642 909 704 936 tres
727 914 849 936 menses
873 914 890 935 a
915 903 964 935 die
980 907 1072 935 notae

327 955 498 988 vacationis
532 955 565 988 in
600 957 666 988 loco
700 956 845 989 beneficii
871 956 954 999 quod
978 956 1071 988 alicui

326 1008 364 1041 de
400 1008 452 1041 illo
487 1009 658 1052 apostolica
693 1010 879 1042 auctoritate
911 1009 1069 1052 provisum

325 1060 430 1101 fuerit,
455 1072 490 1093 ex
514 1067 590 1094 tunc
613 1067 643 1094 et
668 1073 732 1094 non
757 1067 859 1103 antea,
892 1062 1071 1095 ordinarius

323 1113 373 1145 vel
385 1113 464 1146 alius
488 1114 527 1146 ad
551 1125 644 1157 quem
663 1115 745 1147 illius
758 1115 922 1158 dispositio
935 1116 1071 1159 pertinet

321 1165 363 1198 de
386 1166 438 1198 illo
463 1167 629 1210 disponere
654 1168 764 1210 possit:
790 1174 818 1200 et
844 1178 1069 1210 saepenumero

325 1219 484 1261 contingat
509 1225 553 1260 ut⁷
579 1225 748 1263 antequam
774 1221 948 1263 inquisitio,
974 1231 1068 1263 quam

324 1273 521 1316 plerumque,
546 1273 640 1306 etiam
667 1273 698 1304 in
723 1283 880 1305 concursu
904 1273 1043 1316 plurium
1061 1301 1068 1313 ,

325 1325 388 1358 sive
413 1325 445 1357 in
470 1325 614 1368 partibus
630 1325 694 1358 sive
718 1326 800 1369 apud
815 1326 930 1358 dictam
948 1325 1067 1365 Sedem,

323 1379 393 1412 fieri
417 1384 541 1422 oportet
568 1378 601 1410 in
625 1379 720 1411 vitam
739 1406 746 1419 ‚
772 1390 876 1411 mores
900 1383 930 1411 et
954 1378 1068 1411 doctri—

321 1442 396 1464 nam
421 1442 531 1464 eorum
549 1459 556 1472 ,
581 1432 697 1475 quibus
727 1432 763 1464 de
792 1432 884 1464 dietis
907 1431 1068 1464 beneficiis

321 1496 379 1529 per
412 1485 523 1518 Sedem
560 1486 702 1517 eamdem
739 1485 969 1528 providendum
996 1491 1066 1527 est,

320 1538 473 1582 compleri
510 1538 632 1581 possit:
657 1542 711 1569 aut
736 1543 906 1580 antequam
929 1538 966 1571 de
991 1538 1066 1581 ipsis

318 1591 560 1636 provisionibus,
585 1601 639 1623 seu
662 1591 700 1623 de
724 1590 896 1630 mandatis,
922 1601 1001 1633 quae
1026 1592 1063 1623 ad

319 1645 541 1689 inquisitiones
580 1648 608 1676 et
649 1643 842 1686 provisiones
882 1643 1061 1676 huiusmodi

318 1697 476 1731 faciendas
501 1696 540 1728 ab
565 1696 673 1728 eadem
699 1696 775 1728 Sede
793 1696 1063 1738 impetranturvel

318 1755 407 1783 motu
430 1749 560 1792 proprio
584 1748 769 1791 procedunt,
794 1748 915 1781 litterae
939 1755 1064 1792 apost(—

317 1803 396 1836 licae
431 1801 660 1841 conficiantur3
685 1802 732 1834 vel
761 1801 857 1834 etiam
892 1809 1060 1847 antequam

319 1855 468 1887 mandata
492 1854 560 1897 ipsa
584 1865 602 1887 a
619 1854 787 1895 iudicibus,
801 1855 839 1887 ad
853 1866 931 1898 quos
945 1856 1059 1890 directa

320 1914 402 1948 sunt,
426 1907 621 1950 recipiantur
644 1908 691 1940 vel
707 1914 832 1951 recepta
846 1910 1059 1952 expediantur;

317 1960 478 1993 interdum
503 1970 648 2003 quoque,
673 1960 785 1993 litteris
809 1963 987 2005 apostolicis
1010 1975 1060 1996 ex-

314 2013 428 2055 peditis
452 2018 482 2045 et
506 2012 607 2055 gratia
630 2012 806 2055 purificata,
831 2025 887 2047 seu
903 2017 1059 2049 mandatis

315 2065 484 2107 praedietis
518 2065 652 2108 receptis
685 2071 714 2098 et
747 2066 951 2109 inquisitione
976 2080 1058 2102 eom-

315 2118 408 2159 pleta‚
426 2124 595 2160 antequam
619 2118 799 2163 omniqua
823 2121 964 2153 executio
989 2133 1057 2165 per-

316 2171 462 2211 ficiatur,
491 2176 621 2214 propter
654 2171 776 2204 diversa
808 2172 1055 2215 impedimenta,

315 2234 395 2266 quae
419 2224 599 2267 frequenter
622 2224 804 2264 succedunt,
822 2230 943 2267 tempus
961 2226 1055 2259 trium

315 2276 482 2317 mensium,
496 2288 532 2309 ex
556 2287 619 2320 quo
635 2277 757 2310 vacatio
775 2277 921 2312 beneficii
939 2279 972 2311 in
990 2281 1055 2313 loco

314 2329 414 2371 ipsius
437 2335 510 2362 nota
533 2335 589 2370 est,
614 2330 742 2373 expiret,
752 2341 791 2372 „ac
815 2331 946 2374 proinde
970 2333 1055 2365 ordi-

314 2381 396 2413 narii
433 2382 571 2414 locorum
600 2389 652 2415 aut
677 2383 729 2416 alii
747 2411 754 2424 ,
780 2384 818 2416 ad
843 2395 920 2426 quos
944 2386 1051 2419 talium

314 2435 539 2469 benefitiorum
564 2435 737 2478 dispositio,
762 2436 956 2470 cessantibus
980 2449 1052 2481 apo-

314 2488 430 2521 stolicis
459 2488 734 2530 reservationihus,
758 2490 941 2533 pertinent,
966 2492 1051 2534 lapso

312 2546 453 2584 tempore
478 2541 648 2582 praedicto,
674 2543 755 2583 licet,
780 2545 964 2586 priusquam
978 2545 1051 2578 illud

313 2593 480 2632 laberetur,
499 2593 686 2635 provisionis
710 2595 773 2628 sive
798 2597 926 2630 alterius
949 2597 1053 2642 dispo-

921 217 1102 241 nunmmuu
1128 216 1283 240 ROMAMJM

499 275 605 302 nostra
639 280 696 303 nos
730 269 855 314 expedit
888 270 1085 303 animadver-
1113 269 1235 302 sitionis
1269 270 1308 302 de
1331 269 1393 303 illis
1416 280 1434 303 a
1457 270 1541 303 dicta
1564 270 1642 304 Sede
1665 270 1729 303 iam
1753 270 1857 313 gratia

1112 322 1192 354 sacta
1216 322 1309 354 suerit
1335 322 1433 365 (quod
1457 322 1559 365 ipsum
1584 323 1623 355 ad
1650 322 1856 355 tribuendum

1111 379 1141 406 et
1176 374 1392 417 quaerendum
1428 373 1477 406 ius
1510 374 1585 407 satis
1608 385 1764 417 superque
1788 384 1856 407 esse

1110 432 1194 459 certa
1219 427 1296 459 iuris
1320 426 1581 469 interpretatione
1606 427 1789 469 frequenter
1800 427 1854 460 de-

1109 480 1261 512 claratum
1286 480 1367 521 est),
1394 480 1444 512 illa
1468 484 1573 513 tamen
1608 480 1750 513 conferre
1773 490 1853 513 con-

1110 533 1250 566 tendant.
1274 533 1340 572 Qua
1364 533 1402 565 dc
1425 543 1520 565 causa
1553 533 1660 566 multis
1698 531 1853 575 religione

1108 591 1138 618 et
1150 585 1264 628 pietate
1279 585 1465 629 insignibus,
1480 586 1604 628 quando
1617 586 1650 626 ii,
1662 591 1735 629 post
1748 590 1854 618 osten-

1107 649 1177 671 sum
1200 639 1324 671 virtutis
1348 643 1377 671 et
1402 639 1564 671 doctrinae
1587 649 1661 672 suae
1692 639 1851 682 specimen

1106 698 1201 735 atque
1225 692 1297 725 inde
1320 702 1464 725 emensos
1487 692 1611 725 labores
1633 696 1664 725 et
1687 696 1848 735 sumptus,

1105 744 1268 777 benefieiis
1292 745 1386 787 potiri
1412 745 1572 783 deberent,
1597 745 1649 777 alii
1679 755 1849 788 praeoccu-

1105 802 1237 839 putores,
1255 798 1385 830 obtentu
1403 797 1584 830 ordinariae
1600 797 1775 830 collationis
1787 796 1847 829 hu-

1103 850 1249 890 iusmodi,
1274 855 1384 883 contra
1408 851 1626 883 adversantur.

1145 904 1160 947 ἓ
1183 903 1213 936 ⁶).
1237 903 1307 944 Nos,
1322 903 1490 946 indignum
1514 903 1573 936 rati
1592 903 1678 946 quod
1694 904 1846 948 temporis
1856 931 1920 951 moa„
1951 933 2014 951 dee

1101 966 1209 996 moia,
1234 967 1329 999 quam
1363 957 1403 989 ad
1432 957 1693 999 perserutandum
1717 968 1844 991 accura-
1855 956 1993 978 ¹¹‘⁶¹⁸¹¹²⁰⁰¹²⁸
2011 944 2047 1000 2³³⁶

1100 1008 1162 1040 tius
1187 1009 1297 1041 talium
1315 1009 1517 1052 pr,0bitatem
1531 1009 1720 1043 industriam
1736 1015 1768 1043 et
1783 983 1939 1044 αἰὶἃῖᾞῃῧω

1101 1061 1251 1104 requisita
1276 1062 1470 1095 intercedere
1495 1073 1552 1105 pro
1576 1062 1712 1095 utilitate
1739 1062 1856 1096 Eccle—'

1099 1113 1163 1146 siae
1187 1124 1311 1147 necesse
1335 1119 1391 1155 est,
1417 1115 1519 1147 locum
1545 1114 1674 1147 iniuriis
1698 1115 1821 1158 aperiat
1835 1127 1844 1156 ;

1099 1167 1358 1211 attendentesque
1393 1167 1486 1200 verba
1521 1168 1681 1211 praedicta
1716 1168 1752 1200 in
1780 1169 1845 1202 Ioco

1098 1220 1240 1261 beneficii
1271 1230 1343 1252 eum
1381 1220 1485 1253 verbis
1523 1225 1614 1253 uotae
1653 1222 1843 1263 vacationis,

1099 1283 1177 1317 quae
1201 1273 1346 1316 protinus
1374 1273 1587 1313 antecedunt,
1612 1273 1787 1316 coniungi,
1811 1280 1843 1307 et

1097 1326 1137 1357 ad
1160 1325 1210 1357 illa
1236 1326 1397 1358 dumtaxat
1420 1326 1532 1358 referri
1549 1353 1558 1366 ,
1582 1336 1618 1358 ac
1649 1327 1842 1359 voluntatem

1097 1378 1296 1410 concedentis
1335 1388 1525 1421 sensumque
1559 1378 1773 1411 concessionis
1810 1384 1842 1411 et

1098 1431 1274 1463 litterarum
1299 1431 1534 1474 praedictarum
1559 1431 1603 1464 sic
1627 1442 1695 1464 esse
1718 1437 1753 1465 ut
1776 1432 1841 1465 dis-

1097 1484 1210 1528 positio
1235 1483 1380 1517 beneficii
1404 1484 1488 1516 intra
1511 1489 1575 1517 tres
1599 1494 1721 1517 menses
1744 1495 1762 1517 a
1789 1485 1840 1518 die

1096 1541 1188 1570 notae
1224 1537 1395 1569 vacationis
1419 1547 1437 1569 a
1462 1537 1538 1570 Sede
1563 1538 1724 1580 praedicta
1747 1538 1838 1580 fieri,

1095 1592 1194 1633 deque
1230 1589 1332 1632 gratia
1364 1589 1445 1622 sacta
1469 1590 1584 1623 alicubi
1609 1601 1763 1634 apparere
1786 1591 1839 1625 de-

1093 1645 1174 1683 beat,
1201 1643 1479 1687 quemadmodum,
1504 1654 1538 1676 re
1562 1643 1646 1676 inter
1671 1643 1838 1688 utriusque

1093 1697 1170 1729 iuris
1195 1696 1386 1739 interpretes
1411 1696 1600 1740 iampridem
1625 1702 1837 1739 controversa,

1092 1761 1215 1783 summa
1249 1750 1373 1782 ratione
1412 1749 1585 1783 iudicatum
1609 1755 1765 1793 apparet;
1788 1750 1838 1783 vix

1091 1803 1175 1836 enim
1199 1807 1246 1836 est
1269 1807 1305 1835 ut
1329 1802 1496 1835 itineribus
1520 1813 1584 1835 non
1607 1803 1701 1835 modo
1714 1802 1837 1836 infestis

1091 1861 1145 1888 aut
1169 1854 1352 1899 prohibitis,
1377 1855 1462 1898 quod
1485 1855 1548 1888 fere
1573 1866 1698 1899 semper
1720 1855 1835 1889 alicubi

1090 1909 1246 1951 ‹onting-it
1263 1935 1271 1948 ,
1297 1908 1350 1940 sed
1386 1908 1481 1940 etiam
1504 1908 1656 1950 expeditis
1674 1935 1682 1949 ,
1706 1909 1776 1952 quis
1799 1919 1837 1942 ex

1090 1967 1154 1993 tam
1179 1961 1361 2004 longinquis
1384 1961 1569 2003 regionibus
1585 1962 1624 1994 ad
1649 1962 1765 1995 dictam
1783 1962 1836 1996 Se-

1089 2014 1159 2045 dem
1186 2013 1352 2056 prosectus,
1370 2019 1401 2046 et
1425 2013 1457 2045 in
1482 2023 1518 2046 ea
1543 2013 1581 2045 ad
1605 2014 1834 2057 expediendum

1091 2066 1257 2108 negocium
1281 2066 1328 2098 vel
1351 2066 1511 2109 paulisper
1534 2072 1688 2109 moratus,
1709 2067 1744 2100 in
1767 2079 1833 2101 eas-

1088 2120 1158 2151 dem
1183 2129 1214 2151 se
1239 2119 1379 2162 recipere
1404 2123 1490 2151 tanta
1513 2120 1666 2162 temporis
1689 2121 1833 2163 angustia

1088 2172 1193 2215 possit.
1218 2171 1379 2211 Quocirca,
1405 2171 1564 2215 aequitate
1577 2177 1607 2204 et
1624 2172 1742 2205 iustitia
1761 2184 1833 2206 sua-

1088 2225 1245 2266 dentibus,
1269 2224 1484 2268 praesentium
1509 2225 1706 2268 auctoritate,
1731 2227 1831 2260 decla-

1087 2290 1192 2311 ramus
1216 2277 1452 2311 concessionem
1472 2278 1591 2310 Nicolai
1615 2279 1716 2322 Papae
1732 2284 1764 2311 et
1779 2279 1831 2312 lit-

1087 2338 1167 2365 teras
1202 2330 1379 2375 praedictas
1402 2331 1506 2363 locum
1530 2331 1660 2364 omnino
1684 2341 1748 2364 non
1771 2332 1829 2364 ha-

1085 2386 1178 2425 bere,
1204 2384 1287 2428 quod
1323 2384 1477 2416 ordinarii
1505 2389 1559 2417 aut
1588 2384 1639 2417 alii
1664 2385 1825 2418 collatores

1084 2438 1246 2481 praedicti,
1260 2442 1330 2481 post
1354 2438 1476 2480 lapsum
1500 2437 1598 2470 trium
1616 2438 1770 2471 mensium
1787 2449 1824 2472 ex

1083 2495 1131 2527 die
1171 2500 1263 2527 notae
1301 2491 1472 2524 vacationis
1507 2490 1539 2522 in
1563 2491 1629 2522 loco
1652 2490 1823 2534 beneficii,

1083 2549 1248 2591 disponere
1271 2545 1391 2590 possint
1414 2545 1452 2577 de
1468 2543 1539 2577 ullis
1555 2543 1714 2577 beneficiis
1731 2556 1822 2588 prae-

1081 2601 1173 2633 dictis
1189 2627 1197 2641 ,
1222 2599 1296 2632 alias
1335 2600 1393 2632 sub
1431 2597 1631 2632 concessione
1654 2603 1683 2631 et
1708 2598 1820 2633 litteris
