2059 3228
377 207 440 240 [486

336 260 376 292 cti
398 257 577 296 salvatoris,
598 256 643 288 sic
664 254 731 288 sine
748 264 826 287 cura
848 260 1080 293 remanentem,

335 311 397 343 sire
407 309 582 354 praemisso
602 308 665 341 sive
685 307 749 340 alio
768 307 880 350 quovis
899 306 1008 343 modo,
1028 310 1081 338 aut

335 375 371 397 ex
389 363 520 396 alterius
536 361 771 404 cuiuscumque
788 370 938 404 persona,
957 371 1012 393 seu
1026 370 1083 403 per

335 417 470 449 similem
502 413 754 457 resignationem
779 413 855 446 dicti
879 412 1009 446 Antonii
1034 413 1080 444 vel

335 469 471 502 cuiusvis
480 467 613 501 alterius
626 466 726 500 deilla
737 466 768 498 in
782 467 924 500 Romana
931 465 1028 498 Curia
1035 465 1083 497 vel

335 528 421 556 extra
445 532 528 561 eam,
546 521 644 554 etiam
665 530 774 553 coram
794 520 920 552 notario
953 519 1084 562 publico
1102 524 1105 548 ;

335 582 363 610 et
384 575 518 609 testibus
538 579 650 618 sponte
666 574 796 613 factam,
814 579 866 606 aut
883 572 1085 606 constitutio-
1102 549 1105 600 Ι

335 640 408 662 nem
435 628 536 662 felicis
565 627 800 661 recordationis
833 626 960 659 loannis
979 625 1083 669 Papae

336 683 426 723 XXII,
448 680 706 726 praedecessoris
729 680 842 720 nostri,
865 690 946 722 quae
972 678 1081 722 incipit

335 735 549 776 Erec-rabilis,
567 734 614 768 vel
634 733 868 767 assecutionem
880 733 1013 765 alterius
1028 732 1084 763 be-

336 789 442 822 neficii
460 787 681 828 ecclesiastici,
694 786 805 831 quavis
816 785 1005 819 auctoritate
1022 784 1086 817 col-

336 843 402 883 lati,
428 848 529 883 vacet,
552 841 648 875 etiam
668 840 694 874 si
714 846 802 874 tanto
823 845 969 882 tempore
993 849 1084 871 vaca-

335 896 412 930 verit
429 895 517 940 quod
543 895 611 928 eius
631 893 772 934 collatio,
788 893 877 926 iuxta
896 893 1087 925 Lateranen-

336 950 378 983 sis
398 955 514 984 statuta
529 948 670 990 concilii,
693 948 733 981 ad
751 947 864 981 Sedem
886 946 1084 990 praedictam

336 1004 478 1047 legitime
493 1003 656 1043 devoluta,
680 1002 813 1045 ipsaque
826 999 961 1033 ecclesia
973 999 1004 1032 S.
1020 998 1086 1031 Sal-

336 1057 454 1091 valoris
473 1055 673 1100 dispositioni
693 1050 889 1098 apostolicae
904 1052 1088 1096 specialiter

337 1112 385 1144 vel
406 1111 485 1144 alias
503 1109 698 1153 generaliter
720 1112 882 1141 reservata
907 1106 1030 1145 existat,
1056 1113 1085 1137 et

337 1175 434 1208 super
453 1174 490 1197 ea
508 1164 592 1196 inter
611 1162 736 1206 aliquos
759 1160 811 1201 lis,
842 1159 936 1194 cuius
968 1164 1085 1192 statum

337 1217 562 1263 praesentibus
574 1215 687 1249 haberi
696 1215 846 1248 volumus
858 1224 917 1257 pro
927 1223 1087 1256 expresso,

338 1272 474 1316 pendeat
495 1269 650 1310 indecisa,
670 1268 845 1302 dummodo
867 1267 935 1300 eius
955 1265 1089 1310 disposi-

339 1325 382 1358 tio
400 1325 439 1358 atl
459 1335 518 1358 nos
541 1325 602 1357 hac
618 1323 687 1356 vice
708 1322 878 1366 pertineat,
901 1331 975 1354 cum
988 1330 1088 1353 anue-

340 1379 386 1412 xis
405 1384 436 1412 et
456 1376 707 1411 adhaerentibus
741 1375 930 1409 huiusmodi
954 1374 1089 1417 aliisque

340 1431 501 1471 domibus,
524 1429 689 1470 membris,
716 1429 842 1462 iuribus
868 1434 899 1461 et
922 1427 1089 1472 pertinen-

341 1485 392 1518 tiis
415 1484 482 1518 suis
507 1483 613 1517 eidem
637 1482 785 1526 collegio,
822 1481 864 1514 ita
888 1481 975 1525 quod
995 1480 1089 1513 liceat

341 1538 428 1572 illius
452 1536 571 1571 rectori
591 1541 621 1569 et
647 1535 902 1579 collegiabilihus
926 1545 986 1578 pro
1012 1540 1091 1567 tem-

341 1603 419 1636 pore
440 1590 659 1630 existentibus,
691 1600 749 1632 per
778 1599 812 1622 se
838 1588 888 1621 vel
907 1587 1007 1620 alium
1035 1598 1091 1620 seu

341 1645 432 1685 alios,
459 1643 560 1689 ipsius
593 1642 719 1685 collegii
754 1641 897 1684 nominc,
938 1651 1091 1684 corpora-

342 1700 405 1732 lem
432 1696 665 1743 possessionem
694 1695 849 1729 ecclesiae
869 1695 901 1728 S.
924 1693 1094 1727 Salvatoris

343 1765 379 1785 ac
399 1760 611 1791 annexorum,
634 1759 762 1783 necnon
783 1749 966 1787 domorum,
989 1757 1092 1780 mem-

344 1806 491 1844 brorum,
502 1803 623 1836 iurium
631 1808 659 1836 et
669 1801 937 1846 pertinentiarum
950 1800 1095 1844 praedic-

345 1865 464 1899 torum,
486 1856 619 1901 propria
639 1854 840 1895 auctoritate,
858 1854 959 1887 libere
979 1864 1095 1897 appre-

344 1912 485 1945 hendere
505 1915 536 1944 et
554 1914 711 1955 perpetuo
727 1908 879 1948 retinere,
898 1907 1095 1950 illorumque

343 1966 478 2006 fructus,
497 1963 654 2004 redditus,
668 1967 854 2006 proventus,
874 1961 955 2001 iura,
978 1961 1096 1994 obven-

346 2019 448 2052 tiones
481 2023 512 2051 et
544 2017 763 2050 emolumenta
803 2024 1028 2058 quaecumque
1063 2014 1096 2046 in

345 2071 474 2115 collegii
498 2076 529 2104 et
548 2069 703 2104 ecclesiae
728 2069 760 2102 S.
788 2067 960 2102 Salvatoris
979 2067 1095 2100 huius-

346 2124 433 2158 modi
455 2135 541 2164 usus,
555 2123 725 2156 utilitatem
742 2132 778 2154 ac
793 2120 999 2154 necessitates
1020 2130 1097 2152 eon-

347 2184 482 2219 verterc,
504 2175 785 2211 cuiusvislicentia
805 2175 944 2219 desuper
964 2173 1097 2206 minime

138 213 191 242 An.
209 213 237 240 C.
254 214 317 243 1584

1110 1651 1118 2022 l

349 2232 514 2275 requisita,
533 2231 654 2265 eisdem
674 2221 1051 2274 apostolicaauctoritate
1068 2232 1100 2260 et
1142 2229 1191 2261 rel
1213 2228 1380 2271 generales
1400 2227 1504 2260 dictae
1524 2227 1615 2261 Sedis
1633 2226 1682 2259 vel
1705 2223 1892 2269 legatorum’

925 209 1105 235 BritAnH'M
1128 208 1279 232 nnumin!

1124 257 1228 285 sentes
1250 251 1382 291 litteras,
1405 250 1501 284 etiam
1521 261 1557 283 ex
1577 261 1615 284 eo
1635 250 1720 293 quod
1739 260 1867 290 causae,

1125 309 1257 348 propter
1275 315 1354 348 quas
1372 308 1574 343 emanarunt,
1596 313 1705 336 eoram
1726 303 1796 347 ipso
1815 313 1869 336 or-

1123 356 1262 397 dinario,
1281 356 1375 390 etiam
1399 362 1563 399 tamquam
1584 355 1686 388 dictae
1706 355 1796 388 Sedis
1811 355 1868 388 de-

1124 411 1228 453 legato
1248 415 1303 443 aut
1327 409 1417 449 alias,
1446 407 1656 448 examinatae,
1686 408 1869 442 verificatae

1125 470 1154 497 et
1173 463 1382 508 approbatae,
1404 474 1440 496 ac
1465 462 1618 495 interesse
1646 462 1802 495 habentes
1830 461 1870 495 ad

1126 518 1155 549 id
1176 516 1278 549 vocati
1304 527 1368 549 non
1393 515 1526 555 suerint,
1556 525 1662 557 neque
1686 513 1871 558 praemissis

1125 569 1357 608 consenserint,
1380 579 1435 601 seu
1466 566 1578 611 quovis
1602 566 1664 600 alio
1690 572 1868 610 praetextu,

1125 623 1163 656 ile
1188 621 1405 665 subreptionis
1425 621 1473 654 vel
1495 620 1694 664 obreptionis
1719 631 1776 654 seu
1799 620 1872 653 nul-

1126 676 1220 709 litatis
1240 676 1326 715 vitio,
1362 680 1416 708 aut
1450 673 1638 707 intentionis
1665 679 1795 708 nostrae
1816 673 1872 708 'vel

1125 730 1189 763 alio
1214 729 1367 773 quopiam
1388 728 1515 761 defectu
1534 727 1651 769 notari,
1673 726 1869 772 impugnari,

1127 783 1255 827 infringi
1277 794 1333 816 seu
1358 783 1436 816 alias
1459 781 1640 823 retractari,
1667 787 1724 816 aut
1756 781 1790 815 in
1820 781 1872 816 ius

1126 837 1173 870 vel
1194 836 1447 870 controversiam
1481 835 1609 876 deduci,
1629 846 1686 869 seu
1705 835 1746 869 ad
1765 835 1874 869 termi-

1126 901 1183 923 nos
1203 890 1283 923 iuris
1302 890 1413 923 reduci
1446 894 1502 922 aut
1535 888 1691 930 revocari,
1721 887 1874 933 suspendi

1127 944 1174 976 rel
1213 942 1501 983 excommunicari,
1538 953 1595 976 seu
1629 942 1781 976 adversus
1821 953 1873 976 eas

1126 997 1354 1040 quodcumque
1370 996 1462 1036 iuris,
1475 995 1550 1029 facti
1565 995 1613 1028 vel
1633 995 1753 1038 gratiae
1771 1006 1875 1029 reme—

1127 1050 1216 1083 dium
1237 1050 1415 1094 impetrari,
1437 1055 1493 1082 aut
1513 1049 1545 1081 in
1566 1048 1676 1093 aliquo
1696 1048 1758 1081 illis
1779 1049 1873 1082 dero-

1128 1167 1186 1202 per
1221 1162 1379 1200 perpetuo
1413 1156 1532 1189 validas
1566 1161 1599 1189 et
1631 1155 1779 1189 efficaces
1807 1155 1873 1190 exi-

1128 1216 1211 1244 stere
1237 1216 1268 1243 et
1293 1211 1374 1250 fore,
1402 1221 1438 1243 ac
1459 1220 1534 1243 suos
1558 1209 1723 1254 plenarios
1741 1209 1875 1244 effectus

1129 1264 1274 1297 obtinere
1300 1269 1330 1297 et
1349 1263 1474 1304 sortiri;
1496 1263 1608 1307 sicque
1626 1274 1686 1307 per
1703 1273 1876 1307 quoscum-

1129 1328 1192 1360 que
1226 1317 1350 1351 iudices
1387 1317 1568 1351 ordinarios
1603 1316 1653 1350 vel
1689 1316 1874 1360 delegatos,

1130 1371 1226 1404 ctiam
1247 1381 1417 1404 causarum
1440 1369 1554 1403 Palatii
1581 1369 1757 1414 Apostolici
1785 1369 1876 1404 audi-

1130 1431 1228 1466 tores,
1250 1425 1376 1459 sublata
1395 1424 1441 1458 eis
1465 1430 1496 1458 et
1516 1434 1629 1458 eorum
1649 1423 1782 1458 cuilibet
1800 1434 1879 1469 qua-,

1131 1479 1176 1512 vis
1195 1479 1290 1512 aliter
1316 1478 1483 1512 iudicandi
1510 1483 1542 1512 et
1570 1477 1806 1522 interpretandi
1829 1478 1877 1512 sa·
1924 1491 1930 1498 ·

1131 1533 1250 1566 cultate
1271 1538 1302 1566 et
1325 1532 1525 1573 auctoritate,
1544 1531 1674 1575 ubique
1686 1542 1724 1565 ac
1742 1530 1775 1564 in
1798 1539 1879 1576 qua-

1131 1586 1175 1620 vis
1195 1586 1357 1626 instantia,
1379 1585 1515 1619 iudicari
1535 1591 1567 1619 et
1590 1584 1722 1619 diffiniri
1747 1584 1876 1619 debere.

1176 1641 1191 1684 ἓ
1220 1640 1251 1674 5.
1274 1640 1343 1673 Non
1363 1639 1566 1673 obstantibus
1592 1638 1694 1682 priori
1718 1638 1880 1672 voluntate

1133 1699 1242 1728 nostra
1262 1694 1438 1738 praedicta,
1461 1699 1491 1726 et
1509 1691 1732 1726 Lateranensis
1751 1691 1880 1726 concilii

1133 1747 1307 1781 novissime
1339 1746 1504 1787 celebrati,
1533 1746 1670 1779 uniones
1694 1751 1880 1790 perpetuaS,

1134 1801 1195 1834 nisi
1215 1801 1247 1834 in
1268 1801 1394 1834 casibus
1414 1811 1432 1833 a
1451 1800 1522 1834 iure
1535 1799 1710 1844 permissis,
1725 1798 1796 1836 fieri
1809 1809 1883 1843 pro-

1134 1854 1292 1895 hibentis,
1315 1865 1351 1887 ac
1367 1853 1470 1887 felicis
1482 1851 1717 1886 recordationis
1727 1845 1882 1886 Bonisacii

1136 1908 1240 1952 Papae
1267 1907 1343 1945 vlu,
1375 1906 1633 1952 praedecessoris
1660 1905 1776 1948 nostri,
1805 1915 1883 1939 uec·

1137 1971 1202 1994 non
1231 1960 1302 1993 aliis
1341 1959 1627 1993 constitutionibus
1655 1964 1686 1993 et
1708 1958 1885 1993 ordinatio-

1137 2015 1231 2047 nibus
1250 2014 1443 2058 apostolicis,
1472 2012 1643 2047 contrariis
1672 2004 1884 2057 quibuscum-

1138 2079 1212 2111 que.
1228 2068 1290 2100 Aut
1300 2067 1325 2100 si
1345 2067 1456 2111 aliqui,
1478 2077 1577 2111 snper
1589 2065 1827 2111 provisionibus
1843 2065 1885 2098 sa-

1140 2120 1263 2154 eiendis
1284 2121 1322 2153 de
1343 2120 1530 2153 huiusmodi
1548 2120 1597 2153 vel
1622 2119 1694 2153 aliis
1717 2117 1885 2152 beneficiis

1139 2174 1365 2208 ecclesiasticis
1395 2174 1429 2207 in
1463 2174 1526 2207 illis
1553 2172 1700 2217 partibus
1733 2171 1887 2216 speciales

349 2290 472 2323 tenore,
489 2283 598 2316 itidem
615 2288 773 2327 perpetuo
789 2280 1010 2321 concedimus,
1030 2279 1100 2313 uni-
1140 2282 1209 2315 eius
1228 2282 1352 2315 litteras
1367 2280 1581 2325 impetrarint,
1595 2280 1691 2313 etiam
1710 2279 1737 2313 si
1756 2289 1814 2322 per
1833 2288 1887 2311 eas

351 2349 434 2376 mus,
451 2337 654 2371 annectimus
677 2342 709 2370 et
733 2336 990 2379 incorporamus.

396 2391 462 2434 {ltu
492 2391 705 2424 Decernentes
739 2388 1015 2433 suppressionem,
1045 2398 1099 2420 ex-

161 2441 279 2492 .‘‚³',³.¹¹‚‘¹¹¹³⁰
291 2445 338 2468 ψῦ-
352 2439 554 2480 tinctionem,
573 2438 823 2478 abdicationem,
841 2436 1099 2476 translationem,

155 2480 208 2494 ⁹⁴*
226 2488 230 2492 ’
339 2488 536 2521 facultatem
551 2515 558 2529 ‚
596 2488 793 2522 erectionem
806 2513 814 2528 ‚
854 2485 1100 2526 institutionem,

1141 2336 1180 2369 ad
1200 2333 1437 2376 inhibitionem,
1464 2333 1714 2368 reservationem
1732 2337 1764 2366 et
1778 2332 1887 2366 decre-

1119 2394 1123 2415 ¹
1143 2395 1211 2422 tum
1222 2388 1270 2421 vel
1282 2387 1360 2420 alias
1371 2384 1616 2430 quomodolibet
1632 2383 1670 2415 sit
1687 2390 1884 2426 processum.

1119 2417 1123 2452 ἰ
1144 2437 1228 2476 Quas
1247 2436 1379 2480 quidem
1391 2434 1512 2467 litteras
1532 2439 1563 2466 et
1583 2441 1752 2476 processus
1762 2428 1888 2462 habitos

1146 2497 1203 2530 per
1222 2485 1349 2519 easdem
1370 2484 1409 2517 ad
1429 2483 1548 2517 dictam
1569 2480 1737 2515 ecclesiam
1755 2478 1788 2512 S.
1819 2477 1888 2511 Sal-

1127 1103 1194 1145 gari
1214 1104 1400 1136 nullatcnus
1420 1113 1576 1146 umquam
1596 1112 1702 1146 posse,
1723 1101 1779 1135 sed
1790 1095 1887 1136 sem-¹

1942 1551 2010 1710 {gu-3552
1980 1540 1984 1542 ·
1977 1280 2008 1531 norw-*5112
1959 1249 1993 1270 ‘i
1981 1215 1998 1235 t>
1985 1163 1990 1171 —
1982 1126 1994 1145 «ν
1981 1005 1991 1034 ·-·

1902 1658 1942 1680 ἓ

1895 1689 1958 1711 intio
1972 1686 1986 1713 js
2038 1708 2041 1722 ,Ι

1985 1710 2004 1778 “DJ-⁴

1979 1799 2011 1851 ,ts-³
1992 1788 1994 1790 ⁴

1980 2204 2012 2522 ⁴³'-··3WWWM0
1975 2053 2010 2194 tea-:4⁴⁴4
1976 2004 2001 2047 »θ’
1982 1870 2013 1995 ,sq-»2552
1983 1856 1990 1863 ‘⁴

353 2537 606 2578 concessionem,
625 2537 794 2577 unionem,
811 2535 1036 2575 annexionem‚
1055 2534 1103 2567 in·
1121 2556 1125 2578 t
1146 2533 1264 2567 valoris
1276 2534 1425 2566 volumus
1444 2542 1509 2564 non
1529 2529 1668 2571 extendi,
1689 2528 1744 2562 sed
1762 2527 1887 2561 nullum

353 2586 612 2628 corporationem
625 2586 753 2630 aliaque
765 2584 943 2632 praemissa
963 2594 1000 2618 ac
1012 2593 1105 2628 prae·
1122 2582 1127 2636 ἰ
1145 2593 1202 2627 per
1221 2583 1283 2617 hoc
1308 2581 1366 2624 eis,
1388 2580 1495 2626 quoad
1525 2577 1757 2613 assecutionem
1789 2575 1889 2608 bene-
