2059 3228
133 370 197 394 non
231 359 298 393 suis
332 360 433 392 solitis
469 360 611 392 vestibus
643 365 673 393 et
708 359 853 402 insigniis
867 385 874 399 ‚

132 412 279 446 videlicet
288 423 379 445 sacco
391 413 493 455 nigro,
506 413 643 455 imagine
655 412 782 456 pietatis
794 413 876 445 eius-

131 465 202 499 dem
223 466 335 499 Beatae
360 466 476 499 Mariae
505 467 653 509 Virginis,
675 466 794 505 induti,
812 466 875 498 sre—

130 523 263 562 quentes
282 519 503 562 processiones
532 519 697 559 faciendo,
720 519 876 551 hactenus

130 571 332 605 exercuerint
357 577 387 604 et
407 572 445 605 de
467 571 626 615 praesenti
647 576 812 611 exercent,
839 582 875 604 ac

129 623 170 656 ad
185 622 286 667 ipsam
307 624 600 657 confraternitatem
628 634 763 667 magnus
782 634 875 668 prae-

129 676 268 709 latorum
294 676 468 709 illustrium
498 682 529 710 et
556 677 713 710 nobilium
732 677 875 710 virorum

129 734 304 762 conventus
336 730 438 763 sactus
473 730 585 769 suerit,
618 730 875 773 conveniensque

129 781 170 816 sit
187 787 242 823 ut,
265 783 348 816 sicut
367 783 448 816 Urbs
468 783 535 827 ipsa
555 783 692 816 aliarum
713 783 875 816 civitatum

129 840 162 869 et
179 835 325 869 locorum
347 837 444 870 totius
457 836 543 869 orbis
559 842 661 868 mater
676 841 706 869 et
725 836 875 879 magistra

128 899 196 922 esse
217 889 436 932 dignoscitur,
459 889 502 922 ita
529 889 623 922 etiam
644 889 729 922 dicta
749 890 875 922 confra—

128 942 263 976 ternitas
282 942 419 975 aliarum
449 942 602 975 similium
628 942 874 975 confraternita—

128 1001 195 1028 tum
221 995 333 1028 eadem
363 995 501 1038 insignia
532 995 745 1028 deferentium
779 1001 876 1038 caput

89 1040 91 1042 ’
128 1047 251 1089 existat,
274 1053 305 1081 et
323 1048 362 1081 ab
383 1059 419 1082 ea
439 1054 602 1092 tamquam
625 1048 729 1091 capite
749 1054 875 1082 ceterae

127 1111 238 1134 omnes
257 1101 379 1134 similes
393 1101 671 1135 confraternitates
688 1107 719 1134 et
732 1102 876 1135 membra

126 1153 341 1198 dependeant.

173 1207 188 1251 ἓ
208 1206 239 1240 2.
262 1208 341 1251 Nos,
359 1208 525 1252 cupientes
542 1215 576 1242 ut
597 1209 681 1241 dicta
702 1209 877 1241 confrater-

35 1270 38 1278 *
74 1275 77 1280 ’
99 1271 118 1306 ,ζ
130 1260 224 1301 nitaS,
246 1261 340 1294 cuius
359 1262 545 1294 omnimoda
565 1262 798 1295 administratio
819 1272 876 1306 pe-

130 1323 186 1347 nes
205 1313 392 1347 Germaniae
417 1315 578 1348 inferioris
598 1321 628 1348 ct
646 1315 822 1359 superioris
841 1326 877 1348 ac

129 1366 298 1401 Flandriae
314 1368 460 1401 nationes
473 1379 541 1402 esse
559 1374 590 1402 et
604 1375 748 1413 spectare
765 1369 878 1411 digno-

130 1420 242 1461 scitur,
272 1421 434 1465 prosperis
459 1421 491 1454 in
512 1421 579 1455 dies
598 1422 745 1465 proficiat
771 1422 877 1455 incre-

131 1473 258 1514 mentis,
269 1485 306 1507 ac
315 1480 405 1517 grata
420 1475 613 1508 dilectorum
626 1476 767 1508 filiorum
780 1476 875 1509 Flavii

131 1527 391 1571 presbyterorum
411 1528 622 1561 cardinalium
637 1529 720 1562 tituli
743 1529 877 1562 Sanctae

131 1579 270 1620 Priscae,
296 1579 401 1613 Orsini
426 1586 455 1613 et
481 1581 702 1625 Christophori
735 1582 817 1614 tituli
843 1582 874 1615 S.

129 1631 288 1676 Onuphrii
321 1633 482 1672 Madrutii,
516 1634 673 1667 dictarum
708 1634 875 1667 nationum

130 1691 362 1730 protectorum,
381 1687 467 1729 apud
483 1697 542 1720 nos
561 1698 620 1730 pro
636 1687 753 1720 eisdem
777 1688 876 1731 magi-

131 1737 203 1771 stris
215 1748 271 1771 seu
284 1738 597 1772 administratoribus
611 1751 648 1772 ac
664 1740 878 1773 confratribus

131 1791 213 1824 sacta
231 1791 462 1825 intercessione
491 1793 641 1833 adducti,
664 1794 877 1826 confraterni-

66 1867 81 1890 ¹,
131 1848 228 1877 tatem
239 1844 354 1878 Beatae
363 1845 479 1878 Mariae
490 1846 674 1879 huiusmodi
687 1847 719 1879 in
731 1847 876 1880 omnium

133 1896 268 1930 aliarum
306 1898 606 1932 confraternitatum
639 1910 726 1933 nunc
755 1905 786 1933 et
818 1911 877 1943 pro

133 1953 278 1993 tempore
297 1950 495 1995 ubicumque
517 1952 663 1985 locorum
682 1958 875 1994 erectarum,

134 2006 166 2035 et
181 2001 318 2046 insignia
341 2004 469 2047 pietatis
493 2005 606 2038 Beatae
631 2006 747 2039 Mariae
766 2006 878 2040 huius-

134 2054 220 2088 modi
240 2056 468 2098 deserentium,
487 2058 520 2090 in
540 2058 878 2092 archiconfraternita-

133 2113 209 2149 tem,
231 2119 249 2141 a
268 2119 331 2152 qua
350 2109 423 2143 illae
443 2117 611 2151 01nnes‚ut
625 2113 769 2145 membra
789 2123 807 2145 a
825 2124 878 2146 ca-

95 2186 100 2193 .
132 2159 210 2204 pite,
232 2162 445 2206 dependeant,
473 2164 649 2208 apostoliea
674 2166 875 2207 auctoritate,

132 2216 243 2247 tenore
254 2216 484 2258 praesentium,
502 2223 659 2260 perpetuo
675 2218 829 2261 erigimus
849 2225 879 2253 et

132 2265 342 2308 instituimus;
352 2279 388 2301 ac
397 2270 557 2312 magistris
569 2281 626 2303 seu
645 2271 879 2305 administrato-

133 2318 221 2352 ribus
237 2325 268 2353 et
287 2321 503 2354 confratribus
523 2323 707 2366 praedictis,
729 2329 763 2356 ut
783 2335 879 2367 quae-

135 2382 273 2415 cumque
293 2378 410 2406 statuta
430 2379 461 2406 et
476 2375 705 2416 ordinationes,
728 2377 815 2409 licita
835 2382 880 2409 ta-

136 2434 209 2458 men
222 2431 250 2458 et
264 2426 398 2459 honesta
416 2437 452 2458 ac
464 2427 562 2460 sacris
579 2429 757 2462 canonibus
777 2434 808 2462 et
824 2429 878 2462 de-
898 2437 901 2447 ¹

136 2473 231 2506 cretis
241 2474 369 2506 concilii
388 2474 565 2507 Tridentini
587 2486 650 2508 non
667 2477 839 2517 contraria,
863 2488 880 2510 a

136 2519 254 2555 vicario
271 2522 375 2555 dictae
390 2523 482 2555 Urbis
498 2525 716 2566 approbanda,
731 2536 790 2568 pro
804 2536 879 2569 eap-

138 2569 240 2612 pellae
260 2582 315 2604 seu
337 2572 489 2604 ecelesiae
520 2578 549 2604 et
574 2573 879 2606 archiconfraterni-

139 2618 210 2650 tatis
228 2619 411 2653 huiusmodi
435 2620 515 2652 felici
538 2620 710 2663 regimine,
736 2622 880 2664 piorum—

216 2672 288 2697 uutl.
312 2670 387 2698 ι’ίυιη.
419 2669 468 2698 fvt.
495 2669 562 2699 l'lll.
726 2670 763 2700 34

739 253 914 278 caecemus
937 252 990 275 xm
1016 253 1061 275 rr.

135 306 262 346 ciando,
285 312 312 339 et
341 306 592 350 hospitalitatem
613 306 780 347 servando,
804 316 876 339 nec·
917 315 979 346 que
999 314 1133 347 operum
1156 306 1318 346 mercide,
1333 306 1457 338 acalias
1472 316 1537 349 quo
1552 306 1665 339 modo-

1560 245 1624 279 ⁶205

917 356 1012 397 libet,
1035 362 1065 389 ct
1086 363 1176 399 prout
1201 358 1246 390 eis
1267 359 1443 399 videbitur,
1468 358 1564 391 etiam
1591 370 1664 392 cum

917 420 1199 452 ‹plarumcuinspw
1234 422 1409 453 pctwnarnm
1440 412 1471 444 in
1498 418 1666 445 contrave-

917 462 1039 495 nientes
1064 463 1275 506 apposithme,
1297 466 1451 501 wotidertje,
1467 471 1497 497 et
1521 466 1663 503 condita,

917 526 974 558 pro
990 526 1098 548 rerum
1124 522 1150 549 et
1179 522 1361 559 tenuiorum
1389 519 1549 556 varietate,
1577 530 1666 552 revo-

918 578 1002 607 care,
1030 568 1180 609 limitare,
1209 570 1343 601 alterare
1369 576 1396 602 et
1422 571 1605 612 immutare,
1629 583 1665 605 ac

917 621 1001 660 alia,
1028 627 1063 654 ut
1088 622 1289 664 praefertur,
1318 624 1526 665 approbanda
1559 625 1666 658 denuo

917 674 1024 715 edere,
1039 675 1188 719 ipsasque
1207 686 1325 718 poenas
1343 677 1520 709 exermitmi
1536 678 1666 710 ‹leman-

917 728 1004 760 dare.

961 782 974 823 ξ
999 780 1030 813 3.
1059 781 1095 813 Et
1116 781 1261 824 insuper,
1285 788 1316 813 ut
1340 782 1424 814 ‹lit-ta
1443 784 1589 826 cappella
1609 795 1664 817 scu

917 834 1052 866 eeclesia
1076 834 1108 866 in
1134 835 1247 867 maiori
1274 836 1452 867 reverentia
1470 848 1596 880 semper
1611 838 1664 870 ha-

916 886 1042 927 beatur,
1071 893 1101 919 et
1125 888 1350 920 christifideles
1384 900 1420 921 co
1456 890 1607 922 libentius
1626 891 1664 923 ad

917 939 1003 971 illam
1040 941 1217 973 devotionis
1252 941 1347 974 eausa
1382 942 1564 983 confluant,
1601 954 1665 986 quo

918 993 1031 1026 exinde
1057 994 1179 1027 maiora
1206 995 1387 1037 spiritualia
1412 995 1495 1027 dona
1520 1007 1579 1039 pro
1600 997 1667 1028 ani-

917 1057 1042 1079 marum
1065 1058 1194 1080 suarum
1216 1048 1318 1080 salute
1346 1048 1478 1091 adipisci
1499 1060 1591 1092 posse
1613 1060 1665 1082 ‹10-

917 1100 1086 1142 gnovcrint
1104 1101 1142 1132 de
1165 1101 1394 1144 omnipotentis
1412 1102 1462 1133 Dei
1488 1102 1668 1135 misericor-

918 1153 990 1193 dia,
1013 1164 1049 1185 ae
1068 1154 1236 1186 beatorum
1260 1155 1343 1186 Petri
1370 1160 1397 1186 et
1429 1155 1518 1187 Pauli
1544 1162 1668 1198 aposto-

917 1206 1025 1238 lorum
1049 1207 1118 1240 eius
1143 1207 1333 1240 auctoritate
1358 1208 1489 1248 contisi,
1519 1209 1668 1241 omnihus

918 1265 948 1292 et
972 1260 1106 1303 singulis
1130 1260 1299 1303 utriusque
1333 1272 1425 1292 sexus
1450 1261 1668 1293 confratrilms

917 1313 1090 1357 praedit-tis
1110 1325 1182 1347 vere
1204 1315 1441 1358 poenitentibus
1457 1320 1485 1347 et
1502 1312 1665 1353 confessis,

918 1366 1036 1399 dictam
1063 1368 1241 1411 cappellam
1268 1379 1324 1400 seu
1350 1368 1517 1400 ecclesiam
1536 1368 1668 1410 singulis

918 1419 1060 1453 eiusdem
1073 1421 1186 1453 Beatae
1201 1421 1316 1453 Mariae
1333 1427 1362 1453 et
1378 1421 1575 1454 Sanctissimi
1593 1422 1668 1454 Cor-

919 1473 1005 1516 poris
1018 1473 1133 1506 Christi
1150 1474 1384 1512 festivitatihus,
1400 1486 1416 1506 a
1432 1474 1545 1517 primis
1557 1485 1666 1516 vespe-

919 1526 962 1559 ris
986 1538 1087 1569 usquc
1121 1527 1160 1559 ad
1186 1538 1336 1559 occasum
1372 1527 1447 1560 solis
1481 1527 1665 1559 earumdem

918 1580 1135 1619 festivitatum,
1163 1581 1276 1613 devote
1301 1580 1512 1619 visitantibus,
1531 1591 1567 1612 ac
1588 1580 1667 1612 inihi

919 1639 967 1666 ter
998 1634 1182 1666 Orationem
1208 1634 1405 1666 Dominicam
1439 1640 1469 1666 et
1494 1634 1666 1666 Salutatio-

919 1697 990 1719 nem
1017 1687 1201 1729 Angelicam
1230 1687 1459 1726 recitantibus,
1480 1697 1533 1719 seu
1556 1697 1613 1729 pro
1633 1686 1663 1718 S.

918 1740 953 1771 R.
977 1740 1010 1772 Ε.
1035 1751 1190 1783 prospero
1211 1746 1292 1773 statu
1325 1745 1355 1772 ct
1387 1740 1565 1772 catholicae
1593 1739 1666 1771 fidei

919 1794 1108 1826 exaltatione
1122 1805 1158 1826 ac
1176 1794 1429 1833 conservatione,
1442 1793 1665 1835 lueresumque

919 1846 1153 1889 extirpatione,
1181 1848 1228 1879 vel
1254 1846 1330 1879 alias
1355 1847 1394 1879 ad
1420 1847 1544 1885 Deum,
1570 1851 1663 1888 prout

919 1899 1094 1944 unicuique
1107 1906 1254 1943 sugg‹1=1·et
1267 1900 1406 1937 devotio,
1417 1899 1667 1937 effundentibus,

919 1963 983 1995 quo
1007 1953 1057 1986 die
1083 1964 1120 1996 es
1140 1953 1361 1986 festivitatibus
1382 1951 1553 1995 praedietis
1574 1951 1603 1983 id
1624 1951 1667 1983 se-

920 2005 1039 2045 cerint;
1062 2016 1188 2039 necnon
1216 2006 1285 2038 aliis
1310 2006 1460 2038 omnihus
1481 2010 1510 2036 et
1532 2004 1666 2046 singulis

919 2059 1089 2102 utriusque
1102 2071 1195 2093 sexus
1211 2059 1470 2092 christifidelibus
1485 2058 1523 2090 de
1541 2058 1664 2099 gremio

919 2111 1022 2145 dictae
1043 2112 1317 2146 confraternitatis
1346 2122 1410 2144 non
1441 2110 1662 2149 existentibus,

919 2165 956 2205 si,
975 2176 1048 2198 vere
1073 2167 1273 2209 poenitentes
1297 2171 1328 2197 et
1352 2164 1508 2205 confessi,
1536 2164 1665 2206 cappel-

919 2219 981 2250 lam
994 2229 1049 2251 seu
1066 2218 1231 2251 ecclesiam
1247 2217 1441 2261 praedictam
1455 2217 1487 2248 in
1501 2216 1665 2248 festivitate

920 2270 1143 2315 Conceptionis
1175 2272 1317 2304 eiusdem
1344 2271 1456 2302 Bcatac
1482 2269 1620 2308 Mariae,
1648 2280 1665 2301 a

921 2324 1032 2366 primis
1056 2324 1195 2367 vesperis
1227 2334 1327 2365 usque
1353 2323 1391 2354 ad
1417 2332 1567 2355 occasum
1592 2322 1667 2354 solis

921 2377 1105 2419 posterioris
1131 2376 1305 2409 testivitatis
1333 2375 1530 2415 huiusmodi,
1558 2374 1668 2407 visita-

920 2430 1035 2471 verint,
1063 2436 1092 2462 et
1118 2430 1248 2467 ibidem,
1276 2434 1309 2461 ut
1337 2429 1526 2471 prat-sertus,
1555 2438 1668 2460 orave-

920 2479 1003 2519 rint,
1031 2478 1206 2522 plenariam
1242 2477 1386 2509 omuium
1412 2483 1443 2509 et
1467 2477 1668 2519 singulorum

920 2535 1125 2571 peccatorum
1153 2538 1284 2559 suorum
1309 2525 1540 2568 indulgentiam
1564 2531 1592 2558 et
1619 2536 1670 2557 re-

921 2577 1105 2609 missionem
1133 2575 1249 2607 eisdem
1281 2574 1469 2608 :ms-toritate
1500 2581 1530 2608 et
1558 2580 1672 2607 tenore·

921 2625 1126 2658 concedimus
1148 2629 1175 2655 et
1198 2623 1382 2665 elargimur.

1681 254 1732 281 An.
1751 254 1778 281 C.
1800 254 1863 281 1:379

1746 794 1861 815 Concessio

1679 826 1855 851 indulgentiarum

1680 857 1723 877 cius
1748 857 1860 877 ecelesiam

1680 888 1820 913 visitantibus,
