2059 3228
57 252 82 274 n.
103 243 134 273 c.
150 243 212 271 1574

227 313 282 337 nes
299 310 329 337 ct
346 310 471 347 statuta,
490 307 604 351 eligere
623 311 685 343 sire
703 310 876 348 nominare,
893 318 963 341 nee-

224 366 287 389 non
305 357 344 389 ad
356 368 465 390 eorum
479 359 707 404 beneplacitum
724 362 824 395 taliter
837 362 961 401 electos,

222 408 340 451 absque
364 410 467 453 aliqua
492 425 498 443 t
525 413 586 446 'am
610 425 721 448 causae
757 413 936 456 cognitione
951 439 959 452 ‚

223 469 243 493 a
268 461 423 503 regimine
447 464 487 496 eti
565 466 719 499 dictorum
756 464 961 498 monasterio-

224 522 296 546 rum
320 520 352 547 et
375 516 572 559 prioratuum
587 546 594 559 ‚
619 518 732 561 quihus
770 522 843 549 tunc
871 526 959 559 prae-

222 564 337 600 fuerint
356 594 364 608 ,
388 573 417 601 et
444 580 523 612 quae
548 576 622 603 tunc
661 575 826 613 propterea
850 579 959 601 vacare

222 625 436 659 censerentur,
461 622 617 654 absolvere
640 627 668 655 et
693 632 835 654 amovere
859 630 958 663 posse.

267 672 282 715 ἓ
305 671 336 706 3.
361 672 456 715 ldque
480 684 536 716 per
560 673 635 706 alias
652 673 769 706 litteras
793 673 880 705 datas
892 672 958 704 Flo-

49 725 364 776 Nffissgrentiae,
389 726 588 768 pontificatus
626 726 673 759 sui
703 735 786 758 anno
821 729 933 768 quarto
951 751 958 765 ‚

81 769 209 833 ..12:2³⁸ssss
219 777 390 827 decreverit
408 805 417 819 ,
465 779 538 811 dum
573 786 759 811 occurrente
799 777 957 811 vacatione

81 833 209 882 less·
222 831 486 864 monasteriorum
504 836 534 864 et
547 831 743 874 prioratuum
768 831 869 863 dictae
885 840 957 863 con-

220 884 412 928 gregationis
429 911 436 925 ‚
460 884 554 917 etiam
577 884 660 926 apud
695 883 805 916 Sedem
828 884 956 925 Aposto-

217 937 311 970 lieam
334 935 510 969 vacantium
529 963 536 976 ‚
560 946 622 978 qua
645 935 705 968 illis
740 935 862 968 ratione
884 945 956 977 pro-

216 988 385 1022 videndum
398 993 475 1021 esset
489 987 656 1028 ordinavit,
672 992 766 1031 prout
778 987 811 1020 in
824 987 955 1030 singulis

215 1042 354 1076 eiusdem
398 1040 646 1084 praedecessoris
684 1040 795 1073 litteris
833 1039 955 1084 plenius

213 1093 403 1128 continetur.

259 1146 275 1189 ἓ
298 1146 330 1179 4.
354 1145 564 1179 Nihilominus
581 1146 748 1179 nonnullos
764 1140 865 1178 dietae
881 1154 954 1178 eon-

26 1196 125 1220 ¹¹¹⁸⁸⁸¹¹¹
136 1199 207 1218 ‘⁸⁰²⁶'
217 1198 409 1242 gregationis
434 1198 605 1230 monachos
622 1225 629 1238 ‚
654 1198 721 1231 eius
738 1224 746 1238 ‚
775 1207 870 1240 quam
894 1197 954 1229 Deo

25 1250 209 1298 2⁸¹¹&ss
217 1256 379 1292 voverunt,
403 1251 599 1284 obedientiae
612 1251 703 1293 plane
726 1250 848 1291 oblitos,
866 1261 954 1293 prae-

24 1303 120 1326 m
216 1304 288 1338 fatis
311 1304 525 1347 superioribus
541 1331 549 1343 ‚
574 1303 607 1335 in
630 1303 780 1335 electione
816 1308 847 1335 et
869 1313 954 1335 amo-

48 1392 52 1397 ,
216 1357 303 1391 tione
319 1358 479 1398 abbatum,
504 1363 535 1390 et
558 1357 692 1390 aliorum
709 1358 748 1389 ad
772 1357 953 1390 eorumdem

43 1413 73 1443 ³>ae
211 1415 326 1444 nutum
339 1416 368 1443 et
385 1410 616 1453 beneplacitum
631 1410 830 1442 monasteriis
843 1414 873 1442 et
886 1409 954 1442 aliis

42 1461 47 1464 ’
78 1465 82 1467 “
212 1463 324 1497 officiis
347 1462 541 1496 absolvendis
565 1467 595 1494 et
619 1462 788 1494 liberandis
806 1489 814 1503 ‚
838 1466 892 1494 aut.
915 1462 953 1494 ad

215 1516 268 1550 illa
291 1515 442 1559 eligendis
466 1520 496 1548 et
512 1515 724 1555 nominandis,
742 1514 900 1547 adversari
925 1519 951 1546 et

213 1569 437 1609 contradicere,
461 1573 490 1601 et
515 1578 586 1600 cum
603 1567 665 1600 illis
682 1567 721 1599 ad
738 1566 954 1600 contentiones

213 1623 371 1662 devenire;
395 1621 472 1654 alios
494 1631 579 1660 vero,
596 1630 635 1652 ne
658 1624 765 1652 contra
782 1629 835 1651 eos
858 1619 951 1651 veluti

213 1676 432 1710 inobedientes
455 1674 503 1707 vel
526 1673 587 1706 alia
609 1672 704 1705 etiam
721 1682 758 1704 ex
782 1681 885 1711 causa,
899 1676 952 1703 aut

212 1739 248 1762 ex
271 1726 472 1772 quantumvis
496 1725 581 1768 gravi
618 1724 750 1757 crimine
774 1729 805 1756 et
828 1734 952 1756 excessu

212 1780 340 1824 procedi
364 1779 487 1823 possit,
511 1783 621 1810 contra
655 1776 795 1809 eiusdem
823 1786 952 1819 congre-

215 1832 352 1876 gationis
375 1836 490 1865 statuta
525 1836 556 1864 et
578 1830 793 1863 ordinationes
809 1856 817 1870 ‚
851 1830 952 1862 varias

211 1884 425 1928 appositiones
448 1888 479 1916 et
502 1882 697 1924 subterfugia
732 1887 785 1914 aut
809 1882 869 1914 alia
894 1882 951 1914 im-

211 1937 396 1981 pedimenta
412 1936 524 1968 afferre
537 1935 583 1967 vel
596 1934 807 1976 interponere3
821 1945 951 1977 necnon,

211 1991 330 2034 absque
359 1989 541 2025 eorumdem
580 1988 778 2031 superiorum
802 1987 926 2021 lieentia
943 2016 950 2030 ,

214 2043 248 2076 in
272 2043 321 2076 his
345 2053 425 2087 quae
448 2042 488 2074 ad
511 2051 635 2074 morum
671 2040 897 2073 correctionem
921 2047 952 2074 et

213 2095 355 2138 regimen
377 2093 746 2136 administrationemque
780 2104 951 2136 congrega-

213 2147 310 2185 tionis
332 2148 470 2181 eiusdem
493 2147 651 2190 pertinent
670 2173 678 2186 ,
702 2146 899 2190 iurisperitos
922 2154 952 2180 et

213 2200 291 2233 alios
322 2201 483 2233 consulere
521 2204 637 2232 temere
676 2209 768 2231 ausos
806 2199 899 2232 fuisse
922 2205 952 2232 et

213 2263 300 2286 nunc
323 2263 533 2295 praesumere;
559 2251 710 2295 quosdam
735 2251 831 2284 etiam
849 2279 856 2292 ‚
882 2263 952 2295 pro-

213 2305 356 2339 sessionis
371 2310 398 2337 et
413 2305 558 2347 Reguhe,
583 2315 676 2348 quam
691 2305 749 2338 sub
767 2305 953 2338 humilitatis

213 2358 325 2392 habitu
348 2357 478 2401 professi
503 2362 589 2398 sunt,
614 2358 816 2390 immemores
831 2384 840 2398 ,
864 2369 953 2401 repe-

214 2411 283 2452 riri,
307 2410 360 2453 qui
386 2409 430 2443 sic
453 2409 624 2443 ambitione
648 2410 838 2452 dignitatum
862 2415 892 2442 et
909 2405 954 2442 ol-

216 2463 361 2496 fieiorum
397 2461 676 2495 ecclesiastieorum
716 2462 749 2494 in
773 2462 854 2494 dieta
879 2473 954 2496 con-

215 2515 398 2560 gregatione
421 2514 724 2557 consequendorum,
749 2524 812 2557 quo
833 2514 953 2548 facilius

212 2655 215 2658 .
252 2632 276 2657 1.
293 2630 367 2657 Haec
386 2632 476 2657 autem
495 2629 605 2656 decreta
623 2637 678 2655 non
696 2628 882 2655 observantur.

796 257 971 282 onnoomus
988 257 1044 281 xllt
1063 259 1110 281 Pr.

1642 248 1681 281 67
1750 250 1802 276 Au.
1816 251 1844 277 C.
1862 251 1924 277 1571

992 308 1029 341 de
1053 311 1304 351 congregationis
1344 312 1435 343 relius
1458 317 1488 344 et
1522 310 1663 354 personis
1687 310 1725 342 ad

991 369 1098 392 eorum
1126 361 1248 393 libitum
1274 363 1440 405 disponant
1457 390 1464 399 ,
1489 373 1519 395 se
1543 361 1646 394 efferri
1671 371 1725 405 pa-

992 412 1121 453 tiuntur,
1147 420 1180 445 ut
1204 414 1241 445 atl
1265 414 1542 446 ecelesiasticorum
1567 419 1596 446 et
1619 423 1724 446 saecu-

993 463 1104 496 larium
1131 465 1309 507 principum
1335 466 1446 497 auxilia
1470 466 1514 497 vel
1537 465 1655 498 occulte
1680 465 1726 496 vel

990 517 1091 559 palam
1103 522 1276 556 recurrant,
1293 523 1322 549 et
1339 528 1356 548 a
1373 519 1401 548 S.
1420 518 1453 549 n.
1467 518 1499 549 E.
1515 517 1726 549 cardinalibus

994 567 1123 610 aliisque
1149 569 1294 611 praelatis
1317 570 1585 602 commendatitias
1609 569 1726 601 litteras

992 626 1157 663 propterea
1171 622 1442 664 expetant,‹1·tnovi
1457 622 1576 664 aliquid
1593 632 1726 664 semper,

990 677 1021 704 ut
1047 673 1144 716 optati
1169 679 1327 716 compotes
1351 674 1444 713 fiant,
1469 674 1501 705 in
1525 684 1632 706 eorum
1656 673 1725 706 ani-

989 735 1058 758 mae
1084 725 1256 768 perniciem
1296 726 1435 768 parando
1473 736 1508 758 ae
1546 727 1724 767 moliendo,

989 777 1128 810 eiusdem
1147 778 1400 820 congregationis
1417 778 1553 820 quietem
1570 790 1640 810 eum
1658 778 1725 810 ani-

988 840 1111 862 marum
1137 830 1259 862 illorum
1284 829 1422 873 periculo
1437 840 1498 862 non
1516 830 1637 863 modico
1653 841 1725 874 per-

986 882 1121 915 turbent.

1029 935 1095 979 35.
1120 936 1180 969 Nos
1210 935 1307 978 igitur
1345 934 1525 978 praemissis
1558 933 1921 981 occurrerefflffi‘effeffigssg

984 1000 1022 1022 ac
1047 989 1187 1022 eiusdem
1211 987 1464 1031 congregationis
1495 988 1721 1020 monachorum
1733 987 1836 1014 (ΜΝΞ

984 1042 1096 1074 honori
1123 1047 1154 1074 et
1178 1040 1286 1084 quieti,
1311 1051 1388 1083 quos
1412 1040 1445 1072 in
1469 1040 1639 1073 visceribus
1669 1051 1722 1083 ge-

984 1095 1082 1127 rimus
1113 1094 1278 1133 caritatis‚
1303 1103 1424 1126 necnon
1458 1093 1498 1125 ad
1537 1093 1722 1126 deterrenda

985 1147 1147 1187 maleficia,
1176 1146 1373 1189 gravioribus
1396 1145 1490 1178 etiam
1520 1145 1628 1188 poenis
1650 1156 1721 1188 pro-

984 1200 1102 1243 positis,
1128 1201 1288 1232 consulere
1313 1199 1482 1242 cupientes,
1507 1209 1542 1231 ac
1566 1198 1721 1230 dictarum

984 1252 1233 1296 praedecessoris
1258 1252 1432 1284 litterarum
1450 1251 1572 1291 seriem,
1590 1262 1625 1283 ae
1642 1251 1665 1283 si
1684 1251 1721 1284 de

983 1306 1077 1338 verbo
1101 1305 1140 1337 ad
1164 1304 1292 1336 verbum
1330 1304 1542 1335 insererentur
1576 1313 1721 1345 praesen-

985 1358 1077 1397 tibus,
1102 1367 1159 1399 pro
1184 1356 1336 1399 expressis
1360 1356 1519 1394 habentes,
1546 1360 1633 1387 motu
1648 1366 1721 1398 pro-

985 1410 1054 1453 prio
1078 1415 1105 1442 et
1131 1420 1167 1441 ex
1191 1414 1275 1440 certa
1299 1412 1405 1439 nostra
1423 1407 1561 1447 scientia,
1584 1407 1722 1449 singulas

985 1461 1232 1506 praedecessoris
1245 1460 1375 1503 praefati
1389 1460 1557 1498 litteras‚in
1570 1470 1604 1492 ea
1622 1465 1720 1503 parte,

986 1527 1047 1560 qua
1072 1515 1141 1547 illae
1165 1513 1384 1546 auctoritatem
1414 1512 1537 1545 illorum
1555 1539 1562 1553 ,
1587 1512 1639 1555 qui
1664 1523 1722 1554 pro

986 1576 1126 1611 tempore
1151 1566 1306 1609 regendae
1330 1565 1564 1608 cengregationi
1582 1565 1722 1607 deputati

982 1626 1088 1661 erunt,
1113 1619 1294 1662 respiciunt,
1320 1618 1403 1661 quod
1421 1618 1459 1650 ad
1476 1629 1584 1650 eorum
1610 1624 1719 1650 nutum

981 1681 1012 1708 et
1037 1673 1267 1716 beneplacitum
1293 1671 1419 1704 abbates
1441 1676 1469 1703 et
1495 1671 1586 1710 alios,
1611 1670 1720 1713 quovis

984 1726 1112 1760 nomine
1124 1728 1333 1767 nuncupatos,
1347 1724 1448 1756 dictae
1468 1723 1720 1766 congregationis

985 1780 1140 1823 praelatos
1163 1778 1211 1810 vel
1233 1777 1380 1810 officiales
1403 1776 1528 1818 eligere,
1552 1780 1582 1807 et
1599 1775 1720 1814 electos,

983 1832 1130 1867 similiter
1147 1831 1264 1873 absque
1281 1829 1385 1872 aliqua
1402 1838 1512 1861 causae
1529 1826 1718 1869 cognitione,

983 1885 1113 1918 servatis
1137 1883 1214 1915 alias
1250 1882 1348 1925 ipsius
1372 1880 1623 1923 congregationis
1647 1889 1719 1912 eon-

982 1937 1202 1973 stitutionibus
1220 1962 1228 1976 ,
1253 1935 1292 1968 ab
1315 1934 1416 1967 officio
1441 1943 1583 1966 amovere
1613 1937 1641 1964 et
1666 1932 1719 1964 ab-

981 1992 1098 2025 solvere
1123 1988 1266 2032 possint,
1302 1986 1471 2030 apostolica
1509 1985 1694 2017 auctoritate
1711 2011 1719 2024 ‚

982 2052 1090 2079 tenore
1114 2040 1338 2086 praesentium,
1363 2039 1574 2082 approbamus
1598 2042 1626 2069 et
1644 2047 1718 2069 eon-

980 2097 1168 2133 fir1namus;
1192 2098 1222 2126 et
1247 2098 1399 2135 quatenus
1434 2090 1527 2122 etiarn
1552 2099 1630 2132 opus
1654 2089 1718 2130 sit,

980 2149 1105 2183 easdem
1129 2146 1231 2189 quoad
1256 2144 1425 2188 praemissa
1443 2143 1599 2174 dumtaxat
1628 2142 1719 2174 inno-

980 2211 1100 2237 vamus,
1126 2199 1271 2242 quodque
1297 2201 1404 2229 contra
1428 2206 1490 2235 eos,
1508 2195 1561 2238 qui
1580 2194 1613 2226 in
1629 2205 1719 2237 prae-

982 2255 1086 2288 missis
1103 2253 1219 2286 eisdem
1234 2248 1458 2293 superioribus
1472 2247 1505 2279 in
1517 2246 1721 2279 electionibus

982 2309 1028 2341 vel
1052 2304 1265 2339 amotionibus
1289 2300 1480 2339 huiusmodi,
1505 2299 1719 2331 contradicere

981 2361 1028 2393 rel
1052 2370 1083 2392 se
1107 2365 1266 2400 opponere
1283 2358 1422 2386 anteum
1447 2352 1506 2384 illis
1530 2352 1720 2385 contendere

981 2408 1274 2456 praesumpserint,
1298 2416 1354 2448 per
1377 2415 1510 2447 poenam
1534 2404 1719 2448 privationis

981 2463 1167 2499 officiorum,
1192 2470 1271 2501 quae
1295 2457 1499 2497 obtinuerint,
1517 2468 1552 2490 ae
1568 2467 1719 2500 personae

981 2513 1208 2547 correctionem
1244 2515 1272 2542 et
1297 2510 1541 2542 carcerationem
1577 2509 1719 2542 animad-

979 2571 1130 2605 vertatur,
1155 2563 1330 2597 statuimus.

1027 2618 1092 2661 §6.
1126 2618 1264 2659 Cumque
1302 2615 1385 2648 idem
1419 2615 1639 2659 praedecessor
1672 2615 1719 2648 di-
