2059 3228
381 189 443 223 552

332 250 452 284 stiones
471 255 501 283 et
522 258 672 293 quereiae
700 248 776 283 alibi
799 260 897 294 quam
921 250 954 283 in
985 251 1079 284 dictis

332 303 444 336 militia
474 308 504 336 et
534 308 707 344 conventu,
730 309 797 345 aut,
823 309 911 338 extra
929 304 1014 346 illos,
1041 316 1079 338 ex

331 355 473 399 magistri
485 361 516 389 et
531 361 708 390 conventus
727 357 966 402 praedictorum
988 369 1078 392 com-

330 410 494 450 missione,
520 410 672 454 cognosci
692 415 723 444 et
748 411 1075 458 terminariavaleant.

372 463 387 507 ς
411 464 464 497 17.
492 464 554 497 Sed
573 475 633 498 nec
653 475 671 498 a
690 465 855 499 sententiis
878 477 937 510 per
956 466 1079 499 iudices

130 520 314 573 ιίοῃξςεκπάννξέῐῃῖ-
328 516 430 550 dictae
451 516 584 551 militiae
604 529 663 563 pro
682 519 910 563 temporelatis
926 519 964 552 ad
979 519 1077 552 alium

128 568 194 617 {uby-[¹
211 582 311 617 perferam
328 581 423 613 quam
443 570 482 603 ad
508 571 698 615 magistrum
719 577 751 606 et
770 578 964 606 conventum
984 584 1078 617 prae-

129 618 194 640 ῬΜ
217 613 311 633 ⁰¹¹¹¹¹¹³⁰‘
327 623 430 656 dictos
453 634 510 657 seu
525 624 696 659 iudicesab
707 626 753 660 eis
764 626 945 671 deputatos,
958 626 1078 670 inqua-

326 676 370 709 vis
390 676 553 720 instantia,
575 679 821 713 beneficialibus
840 680 946 714 causis
965 690 1079 724 excep-

324 730 374 771 tis,
394 741 500 775 neque
526 732 623 766 etiam
647 744 666 766 a
694 734 861 767 sententiis
885 745 944 778 per
971 733 1078 778 ipsum

325 784 513 827 magistrum
534 790 566 820 et
584 787 758 820 consilium
777 788 861 830 latis,
884 787 959 820 alibi
980 798 1078 831 quam

325 837 364 870 ad
411 839 561 881 generale
610 839 788 885 capitulum
803 868 810 882 ,
856 840 920 874 sive
964 851 1022 885 per
1052 840 1078 873 i-

325 890 414 935 psius
452 892 587 926 militiae
624 894 739 927 fratres
776 894 841 928 sive
880 905 939 939 per
963 904 1077 927 eorum

324 944 470 979 subditos
494 950 525 979 et
556 948 717 988 vassallos,
739 959 871 992 quoquo
896 948 992 981 modo
1020 959 1078 991 ap-

323 998 437 1042 pellari
457 999 570 1043 possit;
591 1001 772 1045 quinimmo
793 1001 839 1034 illi
859 1001 1079 1044 usqueadter-

323 1051 401 1085 tiam
422 1053 627 1094 sententiam,
650 1064 716 1088 non
735 1059 844 1088 tamen
865 1055 898 1087 in
908 1054 1013 1088 causis
1024 1054 1079 1087 he-

322 1105 525 1140 neficialibus
534 1107 733 1148 huiusmodi,
750 1107 784 1140 in
795 1108 909 1141 eodem
919 1113 1077 1141 conventu

322 1159 501 1202 procedere
520 1165 713 1202 teneantur;
741 1171 919 1205 omnesque
948 1165 1078 1194 senten-

323 1211 387 1246 tiae
411 1223 470 1257 per
493 1214 623 1247 eosdem
654 1213 843 1258 magistrum
872 1219 903 1247 et
936 1224 1076 1247 conven-

322 1270 390 1298 tum
425 1266 521 1309 latae,
557 1278 670 1301 omnes
707 1267 784 1301 item
819 1267 1076 1307 commissiones,

323 1318 492 1354 citationes
522 1326 553 1354 et
585 1321 694 1355 omnia
723 1321 864 1365 denique
888 1321 1078 1355 eorumdem

323 1373 481 1418 rescripta
500 1375 540 1408 ad
553 1386 666 1409 omnes
685 1386 762 1409 suae
774 1375 989 1409 iurisdictioni
1002 1375 1078 1408 sub-

324 1426 467 1460 ditorum
501 1439 538 1461 ac
562 1429 777 1473 reliquorum,
809 1429 905 1462 etiam
939 1439 1078 1472 quorum

324 1479 483 1523 intererit,
501 1493 624 1523 causas,
649 1483 720 1516 lites
747 1488 777 1515 et
802 1484 950 1527 querelas
971 1493 1078 1516 coram

324 1534 403 1579 ipsis
417 1536 660 1579 pertractandas
680 1536 801 1569 directe
826 1536 952 1580 exequi.
964 1546 1024 1569 nec
1041 1536 1080 1569 ab

324 1587 401 1622 ullis
416 1588 562 1622 locorum
584 1594 614 1623 et
635 1594 795 1623 terrarum
818 1589 969 1630 dominis,
984 1590 1080 1623 etiam

325 1640 426 1686 regali
456 1647 511 1676 aut
538 1643 645 1676 ducali
677 1643 834 1686 dignitate
869 1644 1078 1686 fulgentibus,

327 1695 436 1740 aliqua
454 1696 590 1735 ratione,
616 1697 711 1730 etiam
733 1707 798 1729 non
824 1697 979 1740 expectati
1002 1707 1081 1730 con-

325 1759 451 1791 sensus,
473 1759 531 1782 seu
551 1749 614 1783 alio
625 1750 739 1793 quovis
753 1749 900 1793 quaesito
917 1750 1035 1790 colore,
1050 1751 1081 1783 in

327 1803 518 1836 eorumdem
538 1803 754 1846 exequutione
771 1803 921 1847 impediri
945 1804 1079 1847 possint,

326 1861 452 1890 servato
472 1862 580 1890 tamen
600 1857 633 1889 in
654 1856 699 1889 eis
718 1856 810 1889 datae
831 1857 957 1897 ordine,
979 1857 1022 1890 ita
1048 1863 1083 1890 ut

327 1919 443 1944 eorum
462 1909 574 1943 ultima
594 1909 709 1953 primis
729 1915 892 1954 nequeant
916 1911 1079 1944 anteferri.

373 1963 388 2007 ἓ
412 1962 466 1997 18.
493 1964 540 1996 Ad
560 1963 651 2002 haec,
671 1969 707 1996 ut
726 1964 878 2007 magister
897 1969 927 1997 et
947 1975 1084 1998 conven-

159 2026 253 2062 ramim-s
277 2030 316 2048 re·
329 2021 381 2050 tus
401 2017 558 2061 praedicti
579 2023 691 2050 contra
710 2028 822 2051 omnes
850 2022 881 2050 et
908 2028 1083 2061 quoscum-

131 2057 318 2109 ᾟῑῗῑῖἷζὲᾰζξῗζῖ
331 2081 406 2115 que,
426 2071 523 2104 etiam
544 2071 682 2104 elericos
698 2072 879 2104 saeculares
897 2082 952 2104 seu
975 2070 1083 2111 laicos,

132 2120 203 2170 {¹:2¹2}-
216 2120 318 2140 “²¹⁰⁰²⁰‘
332 2124 508 2169 prioratus,
529 2124 780 2168 praeceptorias,
802 2125 926 2164 domos,
941 2135 1084 2157 cameras

333 2177 534 2221 magistrales
547 2184 579 2211 et
593 2178 820 2211 aliabeneficia
829 2178 960 2211 militiae
975 2178 1085 2210 huius-

335 2231 422 2264 modi
442 2242 623 2275 eorumque
642 2242 694 2265 res
713 2238 744 2265 et
763 2234 857 2272 bona,
877 2241 1085 2275 quocumque

337 2283 440 2325 titulo,
466 2285 534 2318 sine
562 2290 670 2318 tamen
700 2296 858 2318 consensu
887 2292 918 2318 (τι
937 2296 1086 2328 expressa

336 2336 466 2371 licentia
495 2338 639 2382 ipsorum
665 2339 807 2382 magistri
838 2344 869 2372 et
897 2345 1083 2379 conventus,

337 2385 478 2420 indebite
498 2394 704 2432 occupantes,
725 2388 834 2421 seuilli
851 2389 984 2421 auteius
997 2399 1085 2421 com-

338 2435 426 2467 muni
451 2437 576 2470 aerario
595 2448 652 2470 seu
672 2437 834 2477 fratribus,
851 2436 1019 2470 occasione
1040 2447 1088 2470 re-

338 2484 548 2525 sponsionum
569 2495 751 2519 annuarum
764 2512 771 2526 ‚
791 2486 984 2526 vacantium,
1000 2496 1086 2519 mor-

338 2531 518 2565 tuariorum
540 2544 597 2567 seu
614 2535 692 2567 alias
708 2535 894 2578 quomodol.
915 2541 946 2567 et
966 2546 1001 2568 ex
1010 2545 1088 2578 qua-

339 2590 476 2624 cumque
491 2582 553 2615 alia
573 2593 669 2616 causa
679 2583 842 2625 debentes,
864 2583 1021 2628 siquidem
1043 2582 1086 2615 illi

136 194 188 224 Au.
206 194 235 224 C.
249 196 317 225 ¹575

928 197 1108 223 mmmmm!
1126 197 1277 222 nmixxt'it

1118 256 1243 284 actores
1262 250 1337 292 sint,
1361 250 1455 284 modo
1472 256 1500 284 et
1523 251 1636 294 Forma,
1658 252 1776 296 quihus
1795 261 1873 285 eon-

1119 308 1168 336 tra
1188 303 1289 347 ipsius
1314 303 1447 337 militiae
1467 304 1658 338 Sanctorum
1678 305 1817 339 Mauritii
1839 310 1873 340 et

1118 356 1227 390 Lazari
1258 357 1382 404 fratres¹
1403 358 1533 401 procedi
1563 359 1776 399 consueverit,
1811 369 1871 403 pro

1119 409 1249 443 illorum
1277 410 1533 454 recuperatione,
1554 411 1655 444 libere
1680 411 1870 455 procedere,

1120 469 1151 496 et
1167 474 1221 496 eos
1240 463 1449 506 prioratibus,
1466 465 1708 508 praeceptoriis,
1722 465 1872 499 domibus

1120 522 1151 550 et
1166 517 1237 550 aliis
1256 517 1422 550 benefieiis
1442 517 1639 558 huiusmodi,
1663 524 1786 552 servata
1804 519 1871 552 for-

1121 581 1173 603 ma
1189 570 1281 610 iuris,
1299 574 1330 603 et
1349 570 1428 603 alias
1448 570 1536 603 iuxta
1554 570 1722 615 privilegia
1741 572 1871 615 praedi-

1120 630 1170 657 cta
1197 623 1343 668 privare;
1376 623 1401 656 si
1434 634 1510 656 vero
1535 624 1582 657 rei
1602 624 1734 665 fuerint,
1762 635 1872 658 coram

1119 677 1265 722 ipsorum
1286 677 1542 721 competentibus
1560 677 1722 711 iudicibus
1732 678 1772 711 ad
1783 688 1873 711 recu-

1118 730 1319 775 perationem
1340 730 1403 763 alia
1419 730 1584 774 praedicta
1599 741 1707 774 agere,
1723 736 1754 764 et
1763 731 1873 765 omnia
1895 756 1900 760 .

1119 785 1200 818 iuris
1219 784 1361 818 remedia
1383 790 1517 826 tentare,
1535 795 1573 818 ac
1601 785 1745 826 demum,
1768 785 1874 829 priva-

1119 839 1206 872 tione
1220 838 1406 871 huiusmodi
1421 837 1563 882 legitime
1575 838 1670 879 facta,
1691 839 1730 871 de
1744 838 1871 883 priora-

1118 891 1202 924 tibus
1234 891 1368 935 aliisque
1399 891 1566 925 beneficiis
1598 890 1784 935 praedictis,
1814 902 1873 936 per

1118 945 1331 989 privationem
1355 946 1502 979 eamdem
1536 945 1744 986 vacantibus,
1767 945 1871 979 libere

1118 999 1290 1043 disponere
1311 1000 1445 1032 valeant.

1162 1053 1177 1096 ξ
1201 1052 1254 1085 19.
1282 1053 1380 1086 Salvis
1404 1058 1513 1086 tamen
1531 1052 1813 1096 litterispraedicti
1823 1051 1871 1086 Pii

1118 1159 1167 1192 sui
1192 1170 1277 1192 anno
1294 1170 1328 1198 11,
1351 1160 1534 1204 publicatis,
1557 1171 1616 1204 per
1635 1170 1715 1204 quas
1738 1159 1870 1204 ipsera-

1117 1212 1238 1246 tionem
1271 1213 1390 1246 habere
1415 1213 1525 1247 volens
1553 1212 1766 1247 immunitatis
1796 1213 1870 1247 illo-

1118 1276 1188 1298 rum
1215 1266 1422 1310 hospitalium
1434 1272 1465 1299 et
1477 1266 1702 1309 religiosorum
1712 1266 1870 1308 locorum,

1118 1330 1213 1363 quae,
1227 1320 1286 1353 sub
1297 1319 1498 1353 invocatione
1518 1320 1625 1354 Sancti
1636 1319 1743 1353 Lazari
1754 1320 1872 1365 Lepro-

1118 1384 1227 1407 sorum
1254 1373 1428 1418 aliquando
1454 1374 1596 1413 fundata,
1626 1379 1810 1407 constructa
1839 1378 1872 1408 et

1118 1426 1274 1466 instituta,
1295 1427 1411 1460 deinde
1420 1432 1475 1460 aut
1486 1426 1640 1467 ecclesiis,
1653 1426 1869 1469 monasteriis,

1119 1480 1348 1518 xenodochiis,
1389 1481 1550 1524 collegiis,
1586 1480 1868 1522 Universitatibus‚

1120 1534 1215 1568 etiam
1227 1534 1416 1567 Studiorum
1435 1534 1651 1577 generalium,
1673 1534 1871 1578 diversisque

1120 1588 1191 1620 aliis
1212 1588 1311 1621 sacris
1332 1593 1360 1620 et
1381 1587 1540 1631 religiosis
1559 1587 1639 1620 loeis
1662 1587 1755 1621 unita
1774 1587 1871 1621 autin

1119 1652 1233 1675 corum
1253 1642 1424 1675 commoda
1443 1652 1616 1685 suppressa
1642 1641 1780 1682 fuerant,
1812 1652 1871 1674 seu

1120 1706 1258 1740 quorum
1271 1706 1380 1728 curan]
1391 1705 1446 1728 seu
1453 1695 1614 1728 bonorum
1625 1694 1872 1728 administratio-

1121 1759 1195 1782 nem
1231 1759 1286 1781 seu
1325 1749 1489 1781 fructuum
1523 1747 1794 1791 dispensationem
1822 1747 1872 1781 vel

1122 1802 1209 1845 ipsae
1229 1801 1384 1835 ecclesiae
1403 1802 1450 1835 vel
1476 1807 1653 1835 conventus
1675 1801 1724 1834 vel
1742 1799 1874 1834 venerass

1121 1856 1237 1888 bilium
1269 1856 1417 1889 locorum
1454 1855 1637 1888 sodalitates
1663 1854 1712 1887 vel
1745 1853 1872 1887 honesti

1123 1909 1206 1942 eires
1240 1909 1287 1942 vel
1323 1909 1418 1942 etiam
1445 1908 1591 1952 privatim
1626 1907 1680 1940 alii
1709 1912 1872 1951 spectatae

1124 1963 1292 2006 probitatis
1311 1963 1368 1995 viri
1385 1959 1557 2002 habebant,
1576 1967 1607 1994 et
1623 1966 1678 1994 aut
1692 1960 1800 1994 inillis
1817 1966 1873 1994 aut

1124 2027 1160 2049 ex
1181 2016 1243 2049 illis
1269 2016 1443 2059 praedictis
1465 2015 1620 2056 ecclesiis,
1654 2013 1869 2055 monasteriis,

1123 2069 1343 2110 xenodochiis,
1351 2068 1507 2112 collegiis,
1518 2067 1801 2109 Universitatibus,
1811 2066 1873 2111 piis

1126 2123 1202 2156 loeis
1223 2130 1250 2156 et
1275 2119 1470 2166 pauperibus
1488 2131 1619 2154 suarum
1639 2120 1776 2164 quisque
1799 2120 1874 2154 eivi-

1127 2181 1225 2209 tatum
1244 2182 1274 2209 et
1294 2176 1452 2215 locorum,
1477 2174 1529 2207 ubi
1548 2174 1692 2207 diversae
1711 2179 1743 2207 et
1762 2173 1872 2207 multi-

1126 2231 1244 2263 formes
1264 2230 1428 2263 charitatis
1447 2235 1477 2262 et
1498 2228 1738 2262 misericordiae
1751 2226 1874 2272 speeies

1126 2284 1261 2317 suadere
1293 2283 1496 2321 ridebantur,
1522 2282 1628 2315 variae
1648 2281 1723 2314 item
1750 2286 1873 2324 egesta-

1126 2344 1172 2371 tes
1193 2337 1460 2380 necessitatesque
1485 2335 1705 2379 expectabant,
1727 2334 1779 2378 pie
1803 2344 1874 2367 san-

1127 2392 1242 2430 cteque
1262 2383 1764 2429 suppeditabant,motu,scientia
1776 2388 1807 2415 et
1818 2392 1874 2426 po-

1128 2435 1246 2468 testatis
1277 2434 1477 2478 plenitudine
1507 2434 1676 2472 similibus,
1699 2432 1782 2464 inter
1797 2431 1871 2471 alia,

1128 2495 1240 2518 omnes
1273 2494 1385 2517 causas
1419 2483 1504 2516 inter
1536 2482 1749 2525 magistrum,
1795 2490 1872 2513 con-

1129 2539 1255 2566 ventum
1296 2537 1326 2565 et
1366 2533 1479 2564 fratres
1511 2530 1668 2575 praedicti
1707 2528 1874 2572 hospitalis

1128 2582 1234 2616 Sancti
1266 2581 1384 2624 Lazari,
1407 2581 1501 2614 etiam
1532 2579 1749 2619 collationem,
1784 2587 1873 2611 com-

1118 1107 1222 1150 Papae
1243 1107 1277 1146 V,
1300 1107 1475 1140 undecima
1501 1107 1641 1151 augusti,
1664 1106 1871 1151 pontificatus
1882 1088 1962 1141 '0¹33ssss
1976 1102 1991 1128 Τ

1881 1156 1987 1174 misse?
