2059 3228
102 213 156 244 An.
171 213 202 243 C.
219 214 287 244 1584

117 1290 194 1311 Postea
207 1290 227 1310 in
244 1291 273 1311 dt-

89 1323 159 1342 versis
203 1322 272 1342 mundi

89 1353 191 1378 partibus.
238 1353 272 1374 ubi

88 1387 137 1403 saut
152 1385 220 1405 niciae
236 1384 273 1405 So-

88 1415 173 1435 cietatis
201 1416 272 1436 colle-

89 1445 130 1469 gia,
153 1446 270 1472 scholares,

89 1477 163 1497 eadem
193 1478 270 1499 imitari

88 1512 216 1534 coeperunt.

113 2198 171 2220 Unde
188 2205 267 2226 oppor-

86 2234 158 2251 tunum
185 2232 267 2251 xiil-»tur

88 2265 109 2281 ut
121 2262 237 2281 stabiliatur
246 2263 266 2282 iu

88 2293 144 2313 dicta
173 2293 267 2313 ecclesia

87 2323 112 2342 de
138 2321 192 2343 Urbe
226 2324 267 2350 pri-

87 2355 152 2374 muta
179 2359 268 2374 con-we-

87 2385 151 2409 gatio,
168 2390 179 2404 a
195 2391 233 2409 qua
248 2391 268 2405 a·

88 2414 130 2434 liae
147 2418 213 2435 ortum
230 2415 268 2435 tta-

88 2445 188 2467 buerunt.

345 204 408 239 500

891 211 1069 236 mummium
1088 209 1239 234 ROMANUM

300 268 343 311 gii
364 266 603 307 consistentem,
625 266 720 299 certis
739 266 865 299 statutis
884 266 996 300 dicbus
1016 271 1047 298 ct
1089 264 1172 296 rium
1197 261 1395 303 sodalitium,
1416 262 1476 298 sub
1495 261 1589 296 titulo
1609 260 1753 294 eiusdem
1765 259 1830 292 An-

299 321 399 361 horis,
428 321 642 363 frequentare,
668 324 698 351 ct
723 330 796 352 cum
817 319 930 353 eximia
950 320 1044 353 devo-

299 374 395 407 tionis
418 373 599 406 sinceritate
638 372 808 416 cordisque
838 374 1042 414 contritione,

299 426 528 460 conscientiam
561 437 651 459 suam
686 437 743 469 per
775 427 983 461 consessionis
1015 433 1046 460 et

297 479 515 512 sanctissimae
530 479 748 512 Eucharistiae
764 480 978 513 ministerium
994 492 1045 514 ex-

296 543 447 576 purgare,
467 544 503 565 ac
527 533 641 566 divinis
667 533 789 575 officiis,
814 534 983 578 colloquiis
1014 542 1045 569 et

296 585 571 619 exhortationibus
590 586 810 630 spiritualibus
829 588 963 631 aliisque
984 589 1043 632 piis

295 645 326 672 ct
341 640 534 672 salutaribus
549 640 702 683 operibus
717 652 829 674 vacare
844 641 926 674 soliti
939 648 1041 683 erant,

293 692 441 736 factoque
463 693 537 727 inde
553 693 591 726 ad
616 693 746 727 illorum
767 696 948 738 exemplum
974 707 1042 729 ma-

292 745 360 779 iore
386 746 524 779 aliorum
545 757 718 787 concursu,
742 749 861 781 mutuis
879 749 990 782 studiis
1009 761 1042 784 se

291 799 430 832 invicem
442 800 716 833 consociaverant.
734 801 808 839 Nos,
827 807 860 834 ut
878 802 967 845 pium
980 803 1041 837 hoc

290 851 471 885 institutum
489 853 688 898 peramplius
699 855 906 895 coalesceret,
921 855 1041 889 eisdem

290 911 321 939 et
340 906 410 939 aliis
439 907 701 941 christifidelibus
729 908 916 942 huiusmodi
945 910 1040 952 spiri-

289 959 430 992 tualibus
451 960 604 1004 operibus
629 966 659 994 et
683 961 842 994 exercitiis
871 973 929 1005 pro
958 968 1039 995 tem-

286 1023 366 1056 pore
399 1013 546 1054 addictis,
574 1014 748 1046 nonnullas
775 1015 989 1057 indulgentias
1010 1021 1040 1049 et

289 1072 497 1109 peccatorum
517 1077 651 1099 suorum
671 1068 876 1101 remissiones
906 1079 1039 1102 conces-

288 1119 400 1161 simus,
423 1125 519 1163 prout
539 1120 572 1152 in
592 1121 710 1153 nostris
726 1120 800 1154 inde
821 1122 975 1155 confectis
990 1122 1039 1156 lit-

286 1173 364 1205 teris
382 1173 511 1216 plenius
532 1174 727 1207 continetur.

331 1226 395 1269 §2
419 1226 497 1259 Cum
515 1232 636 1266 autem,
667 1227 750 1260 sicut
778 1228 917 1261 exhibita
945 1229 1038 1262 nohis

286 1289 392 1323 nuper
411 1291 470 1323 pro
491 1286 581 1324 parte
601 1280 710 1314 dilecti
726 1281 783 1314 filii
798 1282 1037 1326 praepositige—

287 1333 405 1366 neralis
421 1334 525 1367 dictae
539 1334 706 1368 Societatis
717 1335 829 1379 petitio
837 1336 1034 1378 continebat,

285 1386 318 1419 in
339 1386 469 1420 diversis
492 1388 605 1421 mundi
623 1389 780 1432 partibus,
797 1395 827 1422 et
847 1391 1036 1433 praesertim

285 1440 516 1484 insignioribus
530 1442 677 1485 Europae
689 1442 880 1484 civitatibus,
891 1444 1035 1478 eiusdem

284 1495 452 1528 Societatis
473 1495 621 1539 collegia,
648 1496 686 1529 ad
713 1496 910 1530 iuventutem
941 1499 1036 1532 bonis

283 1549 428 1582 moribus
449 1555 480 1582 et
499 1550 672 1583 virtutibus
696 1552 884 1592 ornandam,
905 1563 941 1585 ac
962 1563 1036 1586 vera

283 1603 401 1647 pietate
414 1613 555 1646 sanaque
567 1603 713 1637 doctrina
726 1604 947 1645 imbuendam,
961 1617 1035 1650 pro-

283 1656 395 1700 pagari
406 1682 414 1697 ,
437 1656 634 1700 illorumque
649 1657 768 1690 externi
782 1658 956 1700 scholares,
972 1659 1034 1692 ibi-

284 1710 356 1743 dem
386 1709 567 1743 studiorum
593 1721 690 1743 causa
715 1711 924 1752 confluentes,
950 1713 1034 1756 opti-

284 1774 336 1796 ma
353 1762 531 1796 devotionis
551 1769 581 1796 et
600 1763 729 1807 piorum
754 1775 890 1808 operum
919 1766 1033 1800 huius-

279 1816 372 1849 modi
392 1816 543 1850 exercitia
562 1817 694 1850 ferventi
716 1818 820 1851 studio
846 1818 975 1860 imitari,
1003 1826 1034 1854 et

285 1870 397 1903 exinde
418 1870 613 1914 multiplices
633 1871 758 1904 fructus
773 1872 811 1905 ad
828 1872 882 1905 Dei
897 1873 1033 1916 gloriam

283 1924 450 1968 ipsiusque
475 1924 572 1958 divini
596 1924 742 1958 Nominis
768 1926 902 1967 cultum,
934 1938 970 1960 ac
996 1928 1029 1960 B.

283 1977 399 2011 Mariae
406 1978 544 2021 Virginis
554 1979 724 2019 bonorem,
734 1989 860 2012 necnon
870 1980 1032 2023 publicam

283 2031 418 2064 salutem
436 2037 465 2064 et
482 2031 683 2076 spiritualem
696 2033 947 2067 consolationem
961 2045 1033 2078 pro-

283 2085 391 2118 venire
409 2084 585 2129 coeperint.

327 2138 342 2181 ξ
361 2138 392 2171 3.
415 2139 580 2183 Etoperae
592 2139 751 2183 praetium
764 2139 802 2172 sit
814 2145 860 2181 ut,
876 2141 1032 2183 quemad-

283 2191 414 2224 modum
436 2192 565 2236 piarum
590 2199 620 2225 et
648 2193 889 2226 fructuosarum
914 2194 1032 2227 exerci-

284 2244 439 2277 tationum
464 2245 651 2279 huiusmodi
672 2246 850 2279 institutum
872 2258 889 2280 a
906 2248 1031 2281 schola-

284 2297 372 2330 ribus
391 2298 467 2330 dicti
485 2298 611 2341 collegii
629 2299 667 2332 de
684 2299 778 2339 Urbe,
803 2300 890 2343 quod
914 2300 1030 2334 nostris

284 2350 433 2394 auspiciis
453 2357 484 2384 et
503 2352 656 2395 impensis
676 2353 848 2395 magnifico
868 2353 1031 2387 aedificio-

283 2410 355 2431 rum
377 2405 407 2432 et
427 2405 662 2434 structurarum
676 2412 773 2446 opere
788 2413 805 2435 a
818 2403 1032 2436 fundamentis

284 2447 453 2482 innovatur
470 2454 501 2482 et
515 2450 683 2490 extruitur,
703 2451 917 2494 primordium
936 2462 1030 2484 suum

285 2495 316 2528 in
334 2497 418 2529 dicta
439 2498 574 2531 ecclesia
590 2499 856 2533 Annunciationis
868 2501 902 2533 B.
916 2500 1031 2534 Mariae

1086 316 1304 350 iuinciationis
1326 316 1361 348 B.
1387 315 1515 355 Mariae,
1537 314 1577 347 ad
1592 314 1755 347 laudabile
1774 323 1830 346 eo-

1087 381 1157 403 rum
1179 370 1212 403 in
1232 369 1294 414 piis
1313 368 1466 413 operibus
1480 366 1832 401 etofficiishuiusmodi

1086 422 1226 456 studium
1251 422 1366 456 nostris
1380 420 1546 455 beneficiis
1564 425 1596 453 et
1613 419 1830 463 indulgentia-

1086 487 1157 509 rum
1165 475 1316 520 praemiis
1326 475 1580 509 conservandum
1591 484 1627 507 ac
1637 474 1828 517 augendum,

1085 530 1264 563 stabiliatur
1283 536 1314 563 et
1333 529 1528 569 instituatur,
1551 538 1610 571 pro
1626 533 1716 572 parte
1728 528 1829 572 ipsius

1085 582 1259 626 praepositi
1271 583 1363 616 nobis
1374 581 1830 625 tuithumilitersupplicatum

1085 642 1119 669 ut
1139 636 1322 680 praemissis
1341 646 1484 669 annuere
1504 641 1535 668 et
1554 635 1693 679 desuper
1709 645 1829 679 oppor-

1084 695 1160 723 tune
1180 690 1349 734 providere
1373 690 1412 723 de
1436 689 1632 732 benignitate
1655 689 1830 733 apostolica

1084 743 1302 786 dignaremur.

1128 796 1189 839 §4
1212 797 1274 829 Nos
1294 797 1403 841 igitur,
1433 797 1659 840 religiosorum
1683 796 1830 844 ipsorum

1082 850 1277 883 scholarium
1314 851 1347 883 in
1376 850 1425 884 his
1454 851 1676 895 spiritualibus
1707 850 1829 886 exerci-

1082 904 1134 937 tiis
1153 905 1294 938 studium
1316 905 1388 948 piae
1407 905 1579 938 voluntatis
1607 905 1723 938 affectu
1749 915 1828 950 pro·
1841 907 1953 964 ξξζῐζῖπ
1970 906 1999 960 3}
2015 925 2016 929 =

1082 958 1171 1001 sequi
1187 959 1340 999 volentes,
1362 959 1534 1002 ipsumque
1562 959 1782 1003 praepositum
1810 968 1957 993 aciemn-1

1081 1011 1245 1053 quibusvis
1265 1012 1618 1053 excommunicationis,
1644 1013 1828 1057 suspensio-

1080 1060 1129 1097 nis
1149 1070 1179 1098 et
1198 1065 1359 1099 interdicti
1374 1066 1509 1109 aliisque
1522 1067 1744 1101 ecclesiasticis
1758 1077 1829 1101 sen-

1080 1118 1198 1160 tentiis,
1225 1119 1369 1152 censuris
1393 1126 1424 1153 et
1447 1119 1572 1164 poenis,
1593 1131 1611 1154 a
1630 1120 1701 1154 iure
1720 1121 1769 1155 vel
1787 1121 1828 1155 ab

1078 1172 1222 1213 homine,
1245 1173 1353 1217 quavis
1373 1173 1540 1207 occasione
1559 1174 1609 1207 vel
1625 1185 1730 1215 causa,
1740 1174 1824 1216 latis,

1078 1226 1225 1270 siquibus
1244 1227 1489 1271 quomodolibet
1511 1227 1681 1261 innodatus
1710 1228 1825 1272 existit,

1078 1281 1117 1313 ad
1135 1281 1285 1314 effectum
1306 1281 1523 1324 praesentium
1539 1282 1703 1315 dumtaxat
1713 1293 1827 1317 conse-

1077 1335 1257 1377 quendum,
1278 1335 1395 1368 harum
1415 1335 1497 1369 serie
1514 1336 1713 1369 absolventes
1727 1337 1826 1370 etab-

1078 1388 1220 1421 solutum
1244 1389 1312 1422 sore
1337 1394 1522 1430 censentes;
1548 1399 1676 1423 necnon
1703 1389 1825 1424 littera-

1077 1452 1149 1474 rum
1174 1442 1411 1485 praedictarum
1438 1447 1567 1477 tenores
1602 1443 1825 1487 praesentibus

1076 1506 1135 1539 pro
1160 1495 1316 1539 expressis
1339 1496 1505 1537 habentes,
1534 1497 1722 1531 huiusmodi
1746 1507 1824 1542 sup-

1076 1549 1305 1592 plicationibus
1323 1549 1481 1591 inclinati,
1503 1550 1537 1583 in
1556 1550 1669 1584 eadem
1689 1551 1826 1585 ecclesia

1077 1613 1174 1636 unam
1191 1613 1249 1635 seu
1267 1614 1371 1636 unum
1397 1610 1603 1637 externorum
1628 1605 1825 1638 scholarium

1076 1656 1151 1690 dicti
1171 1656 1297 1700 collegii
1316 1658 1416 1690 nostri
1433 1668 1469 1691 ac
1480 1658 1576 1691 etiam
1587 1658 1725 1692 aliorum
1737 1658 1824 1692 chri-

1075 1710 1262 1744 stifidelium
1276 1710 1427 1744 Societati
1439 1711 1623 1755 praedictae
1635 1713 1823 1747 devotorum

1075 1764 1263 1808 primariam
1271 1765 1554 1808 congregationem
1562 1776 1619 1799 seu
1631 1767 1823 1810 primarium

1075 1817 1274 1859 sodalitium,
1296 1818 1355 1851 sub
1378 1819 1473 1852 titulo
1496 1819 1763 1855 Annunciationis
1784 1821 1821 1854 B.

1075 1872 1190 1905 Mariae
1223 1872 1427 1913 huiusmodi,
1460 1883 1543 1916 quae
1575 1884 1632 1906 seu
1655 1875 1743 1917 quod
1765 1885 1824 1919 per

1074 1926 1277 1969 praedictum
1310 1931 1340 1959 et
1371 1936 1430 1970 pro
1462 1931 1608 1970 tempore
1637 1928 1822 1962 existentem

1074 1979 1293 2022 praepositum
1313 1980 1496 2022 generalem
1515 1979 1618 2013 dictae
1643 1981 1820 2023 Societatis,

1074 2043 1143 2072 seu,
1158 2032 1213 2065 illo
1226 2032 1390 2073 defuncto,
1411 2032 1514 2066 donec
1530 2033 1612 2067 alius
1624 2035 1664 2067 ad
1680 2035 1821 2069 officium

1073 2086 1249 2129 praepositi
1274 2086 1433 2129 generalis
1462 2086 1649 2121 huiusmodi
1668 2089 1822 2122 canonico

1073 2144 1267 2179 assumatur,
1289 2150 1347 2182 per
1365 2139 1520 2172 vicarium
1533 2140 1627 2173 etiam
1639 2141 1822 2184 generalem

1075 2191 1219 2224 eiusdem
1244 2191 1410 2225 Societatis
1434 2192 1529 2236 dirigi
1549 2193 1673 2234 debeat,
1693 2199 1821 2237 aposto-

1072 2245 1134 2278 lica
1150 2246 1352 2286 auctoritate,
1373 2251 1485 2279 tenore
1504 2247 1733 2289 praesentium,
1751 2257 1822 2291 per-

1073 2305 1181 2342 petuo,
1207 2299 1274 2333 sine
1298 2305 1406 2333 tamen
1426 2300 1526 2344 ipsius
1545 2300 1713 2334 Societatis
1732 2311 1822 2344 prae-

1074 2351 1206 2393 iudicio,
1229 2352 1382 2396 erigimus
1401 2359 1432 2386 et
1451 2353 1658 2387 instituimus.

1117 2402 1132 2445 ξ,
1165 2402 1196 2436 5.
1232 2402 1272 2435 Ut
1303 2407 1409 2435 autem
1443 2402 1597 2446 primaria
1617 2402 1822 2446 congregatio

1072 2460 1128 2482 seu
1150 2451 1339 2494 primarium
1357 2451 1539 2485 sodalitium
1554 2451 1752 2491 huiusmodi,
1765 2461 1822 2495 per

1073 2498 1250 2538 gratiarum
1271 2505 1301 2533 et
1325 2510 1497 2532 munerum
1519 2501 1703 2533 caelestium
1725 2501 1820 2543 largi-

287 2544 396 2577 babuit
409 2571 416 2585 ,
437 2545 476 2578 ita
496 2558 624 2590 quoque
645 2548 721 2580 inibi
739 2550 927 2583 eorumdem
940 2550 1032 2583 scho-
1050 2560 1055 2598 Ι
1073 2547 1207 2588 tionem,
1229 2549 1405 2582 devotionis
1423 2560 1462 2582 ac
1475 2548 1602 2593 pietatis
1616 2549 1733 2592 iugiter
1745 2559 1820 2593 pro-

287 2593 402 2626 larium
427 2594 578 2638 primaria
603 2598 807 2642 congregatio
827 2609 883 2632 seu
914 2598 1032 2642 prima·
1049 2599 1056 2634 l
1075 2595 1186 2632 ficiant
1200 2598 1418 2639 incrementis,
1440 2598 1480 2632 de
1506 2598 1736 2642 omnipotentis
1765 2598 1820 2631 Dei

1796 2501 1801 2504 .
1835 2483 1915 2503 nariam
1937 2483 1957 2503 in
1979 2478 2019 2534 ἰῇ

1836 2519 1910 2538 gressu
1934 2516 1956 2534 et.
1977 2518 1989 2533 ι
2004 2529 2014 2538 .,

1981 757 1987 770 l

1971 778 1986 802 v?

1855 812 1896 835 llic
1908 813 1957 836 ideo
2002 826 2004 834 Α

1843 843 1894 865 titex
1903 849 1949 866 em
1968 870 1973 873 γ

1842 875 1892 902 tigit
1911 876 1950 898 nub
2003 878 2009 882 ·

1861 2419 1970 2442 Sodalibus
2014 2411 2018 2418 ¹

1834 2451 1983 2478 dulgentiamp
2006 2474 2011 2476 ,
2052 2457 2057 2478 1,

1835 2545 1901 2566 uculo
1912 2545 1984 2566 mortis
1991 2540 2022 2571 οἳ

1835 2575 1930 2602 largitur.
2003 2572 2015 2582 “
