<?xml version="1.0" encoding="UTF-8"?>
<!DOCTYPE html PUBLIC "-//W3C//DTD XHTML 1.0 Transitional//EN"
    "http://www.w3.org/TR/xhtml1/DTD/xhtml1-transitional.dtd">
<html xmlns="http://www.w3.org/1999/xhtml" xml:lang="en" lang="en">
 <head>
  <title>
</title>
<meta http-equiv="Content-Type" content="text/html;charset=utf-8" />
  <meta name='ocr-system' content='tesseract 3.04.00' />
  <meta name='ocr-capabilities' content='ocr_page ocr_carea ocr_par ocr_line ocrx_word'/>
</head>
<body>
  <div class='ocr_page' id='page_1' title='image "./bullarumdiplomat08cath/bullarumdiplomat08cath_0082.png"; bbox 0 0 2059 3228; ppageno 0'>
   <div class='ocr_carea' id='block_1_1' title="bbox 120 245 1060 348">
    <p class='ocr_par' dir='ltr' id='par_1_1' title="bbox 120 245 1060 348">
     <span class='ocr_line' id='line_1_1' title="bbox 120 245 401 278; baseline -0.011 -2"><span class='ocrx_word' id='word_1_1' title='bbox 120 252 171 276; x_wconf 85' lang='grc' dir='ltr'>Λη.</span> <span class='ocrx_word' id='word_1_2' title='bbox 193 251 302 278; x_wconf 61' lang='grc'>01578</span> <span class='ocrx_word' id='word_1_3' title='bbox 360 245 401 274; x_wconf 61' lang='lat'>(39</span> 
     </span>
     <span class='ocr_line' id='line_1_2' title="bbox 135 303 1060 348; baseline -0.001 -12"><span class='ocrx_word' id='word_1_4' title='bbox 135 310 212 331; x_wconf 57' lang='lat' dir='ltr'>tutin-1</span> <span class='ocrx_word' id='word_1_5' title='bbox 227 315 303 333; x_wconf 69' lang='lat' dir='ltr'>eontra</span> <span class='ocrx_word' id='word_1_6' title='bbox 317 303 456 337; x_wconf 80' lang='lat' dir='ltr'>strictius</span> <span class='ocrx_word' id='word_1_7' title='bbox 493 304 668 336; x_wconf 67' lang='lat' dir='ltr'>inhibuerit</span> <span class='ocrx_word' id='word_1_8' title='bbox 692 314 730 337; x_wconf 93' lang='lat' dir='ltr'>nc</span> <span class='ocrx_word' id='word_1_9' title='bbox 758 303 809 337; x_wconf 89' lang='lat' dir='ltr'>cui</span> <span class='ocrx_word' id='word_1_10' title='bbox 845 304 1060 348; x_wconf 85' lang='lat' dir='ltr'>praelatorum</span> 
     </span>
    </p>
   </div>
   <div class='ocr_carea' id='block_1_2' title="bbox 112 343 1063 2597">
    <p class='ocr_par' dir='ltr' id='par_1_2' title="bbox 116 343 1063 1567">
     <span class='ocr_line' id='line_1_3' title="bbox 117 343 1063 400; baseline -0.003 -9"><span class='ocrx_word' id='word_1_11' title='bbox 117 343 304 400; x_wconf 44' lang='grc' dir='ltr'>’.ἷζῖζῖᾞΙῖἷζῖζῖᾗῗῖιῖ</span> <span class='ocrx_word' id='word_1_12' title='bbox 317 357 363 390; x_wconf 78' lang='lat' dir='ltr'>vel</span> <span class='ocrx_word' id='word_1_13' title='bbox 377 357 610 390; x_wconf 86' lang='lat' dir='ltr'>monachorum</span> <span class='ocrx_word' id='word_1_14' title='bbox 626 356 727 389; x_wconf 88' lang='lat' dir='ltr'>dictae</span> <span class='ocrx_word' id='word_1_15' title='bbox 741 356 1008 399; x_wconf 69' lang='lat' dir='ltr'>congregationis,</span> <span class='ocrx_word' id='word_1_16' title='bbox 1024 357 1063 388; x_wconf 92' lang='lat' dir='ltr'>ab</span> 
     </span>
     <span class='ocr_line' id='line_1_4' title="bbox 118 402 1062 459; baseline 0.006 -22"><span class='ocrx_word' id='word_1_17' title='bbox 118 402 303 459; x_wconf 39' lang='grc' dir='ltr'>ξῆωζξϋζιζῗζζὲ</span> <span class='ocrx_word' id='word_1_18' title='bbox 317 410 479 449; x_wconf 78' lang='lat' dir='ltr'>institutis,</span> <span class='ocrx_word' id='word_1_19' title='bbox 501 408 777 442; x_wconf 79' lang='lat' dir='ltr'>ordinationibus¹</span> <span class='ocrx_word' id='word_1_20' title='bbox 793 410 990 443; x_wconf 80' lang='lat' dir='ltr'>etmandatis</span> <span class='ocrx_word' id='word_1_21' title='bbox 1009 421 1062 442; x_wconf 77' lang='lat' dir='ltr'>ea-</span> 
     </span>
     <span class='ocr_line' id='line_1_5' title="bbox 116 462 1063 506; baseline 0.004 -15"><span class='ocrx_word' id='word_1_22' title='bbox 116 465 221 492; x_wconf 49' lang='lat' dir='ltr'>L&#39;ochum</span> <span class='ocrx_word' id='word_1_23' title='bbox 316 463 408 505; x_wconf 86' lang='lat' dir='ltr'>pituli</span> <span class='ocrx_word' id='word_1_24' title='bbox 429 462 599 505; x_wconf 76' lang='lat' dir='ltr'>generalis,</span> <span class='ocrx_word' id='word_1_25' title='bbox 617 462 680 495; x_wconf 88' lang='lat' dir='ltr'>sive</span> <span class='ocrx_word' id='word_1_26' title='bbox 700 462 910 506; x_wconf 87' lang='lat' dir='ltr'>praesidentis</span> <span class='ocrx_word' id='word_1_27' title='bbox 925 469 980 496; x_wconf 88' lang='lat' dir='ltr'>aut</span> <span class='ocrx_word' id='word_1_28' title='bbox 994 463 1063 495; x_wconf 78' lang='lat' dir='ltr'>visi—</span> 
     </span>
     <span class='ocr_line' id='line_1_6' title="bbox 315 516 1061 559; baseline 0.003 -12"><span class='ocrx_word' id='word_1_29' title='bbox 315 521 450 548; x_wconf 85' lang='lat' dir='ltr'>tatorum</span> <span class='ocrx_word' id='word_1_30' title='bbox 474 516 521 548; x_wconf 78' lang='lat' dir='ltr'>rel</span> <span class='ocrx_word' id='word_1_31' title='bbox 535 522 697 548; x_wconf 87' lang='lat' dir='ltr'>rectorum</span> <span class='ocrx_word' id='word_1_32' title='bbox 722 516 864 549; x_wconf 89' lang='lat' dir='ltr'>eiusdem</span> <span class='ocrx_word' id='word_1_33' title='bbox 887 527 1061 559; x_wconf 68' lang='lat' dir='ltr'>congrega-</span> 
     </span>
     <span class='ocr_line' id='line_1_7' title="bbox 313 568 1061 613; baseline 0 -12"><span class='ocrx_word' id='word_1_34' title='bbox 313 568 419 608; x_wconf 81' lang='lat' dir='ltr'>tionis,</span> <span class='ocrx_word' id='word_1_35' title='bbox 442 569 481 601; x_wconf 89' lang='lat' dir='ltr'>ad</span> <span class='ocrx_word' id='word_1_36' title='bbox 518 580 757 613; x_wconf 87' lang='lat' dir='ltr'>quemcumque</span> <span class='ocrx_word' id='word_1_37' title='bbox 772 597 779 609; x_wconf 94' lang='lat'>‚</span> <span class='ocrx_word' id='word_1_38' title='bbox 815 570 909 603; x_wconf 88' lang='lat' dir='ltr'>etiam</span> <span class='ocrx_word' id='word_1_39' title='bbox 947 571 1061 603; x_wconf 75' lang='lat' dir='ltr'>Sedent</span> 
     </span>
     <span class='ocr_line' id='line_1_8' title="bbox 310 614 1061 667; baseline 0.003 -14"><span class='ocrx_word' id='word_1_40' title='bbox 310 622 548 665; x_wconf 73' lang='lat' dir='ltr'>Apostolicam‚</span> <span class='ocrx_word' id='word_1_41' title='bbox 585 614 643 655; x_wconf 76' lang='lat' dir='ltr'>fiisi</span> <span class='ocrx_word' id='word_1_42' title='bbox 686 624 726 656; x_wconf 80' lang='lat' dir='ltr'>de</span> <span class='ocrx_word' id='word_1_43' title='bbox 762 624 893 667; x_wconf 85' lang='lat' dir='ltr'>speciali</span> <span class='ocrx_word' id='word_1_44' title='bbox 937 624 1061 657; x_wconf 87' lang='lat' dir='ltr'>indulto</span> 
     </span>
     <span class='ocr_line' id='line_1_9' title="bbox 311 675 1062 721; baseline 0.003 -14"><span class='ocrx_word' id='word_1_45' title='bbox 311 675 434 707; x_wconf 69' lang='lat' dir='ltr'>Suinuii</span> <span class='ocrx_word' id='word_1_46' title='bbox 455 676 618 709; x_wconf 76' lang='lat' dir='ltr'>Pontificis</span> <span class='ocrx_word' id='word_1_47' title='bbox 636 677 746 710; x_wconf 84' lang='lat' dir='ltr'>liceret</span> <span class='ocrx_word' id='word_1_48' title='bbox 762 678 937 721; x_wconf 85' lang='lat' dir='ltr'>appellare,</span> <span class='ocrx_word' id='word_1_49' title='bbox 952 688 1062 720; x_wconf 87' lang='lat' dir='ltr'>quam-</span> 
     </span>
     <span class='ocr_line' id='line_1_10' title="bbox 311 730 1059 773; baseline 0.004 -14"><span class='ocrx_word' id='word_1_50' title='bbox 311 739 449 771; x_wconf 76' lang='lat' dir='ltr'>cumque</span> <span class='ocrx_word' id='word_1_51' title='bbox 473 730 733 773; x_wconf 68' lang='lat' dir='ltr'>appellationem,</span> <span class='ocrx_word' id='word_1_52' title='bbox 751 731 775 763; x_wconf 88' lang='lat' dir='ltr'>si</span> <span class='ocrx_word' id='word_1_53' title='bbox 797 731 936 773; x_wconf 88' lang='lat' dir='ltr'>aliquam</span> <span class='ocrx_word' id='word_1_54' title='bbox 957 741 1059 772; x_wconf 88' lang='lat' dir='ltr'>quan-</span> 
     </span>
     <span class='ocr_line' id='line_1_11' title="bbox 310 776 1059 822; baseline 0.004 -15"><span class='ocrx_word' id='word_1_55' title='bbox 310 777 415 819; x_wconf 87' lang='lat' dir='ltr'>doque</span> <span class='ocrx_word' id='word_1_56' title='bbox 441 776 602 822; x_wconf 84' lang='lat' dir='ltr'>interponi</span> <span class='ocrx_word' id='word_1_57' title='bbox 633 779 844 821; x_wconf 75' lang='lat' dir='ltr'>contingeret,</span> <span class='ocrx_word' id='word_1_58' title='bbox 882 789 954 811; x_wconf 90' lang='lat' dir='ltr'>cum</span> <span class='ocrx_word' id='word_1_59' title='bbox 986 778 1059 810; x_wconf 90' lang='lat' dir='ltr'>inde</span> 
     </span>
     <span class='ocr_line' id='line_1_12' title="bbox 309 830 1057 873; baseline 0.001 -11"><span class='ocrx_word' id='word_1_60' title='bbox 309 830 438 871; x_wconf 89' lang='lat' dir='ltr'>secutis,</span> <span class='ocrx_word' id='word_1_61' title='bbox 476 831 599 865; x_wconf 86' lang='lat' dir='ltr'>irritam</span> <span class='ocrx_word' id='word_1_62' title='bbox 637 832 860 873; x_wconf 69' lang='lat' dir='ltr'>decernendo,</span> <span class='ocrx_word' id='word_1_63' title='bbox 896 832 920 864; x_wconf 86' lang='lat' dir='ltr'>si</span> <span class='ocrx_word' id='word_1_64' title='bbox 952 837 1057 864; x_wconf 91' lang='lat' dir='ltr'>autem</span> 
     </span>
     <span class='ocr_line' id='line_1_13' title="bbox 308 884 1057 928; baseline 0.001 -13"><span class='ocrx_word' id='word_1_65' title='bbox 308 888 419 916; x_wconf 83' lang='lat' dir='ltr'>contra</span> <span class='ocrx_word' id='word_1_66' title='bbox 439 884 579 927; x_wconf 77' lang='lat' dir='ltr'>aliquem</span> <span class='ocrx_word' id='word_1_67' title='bbox 601 886 779 928; x_wconf 86' lang='lat' dir='ltr'>praelatum</span> <span class='ocrx_word' id='word_1_68' title='bbox 796 886 841 917; x_wconf 85' lang='lat' dir='ltr'>vel</span> <span class='ocrx_word' id='word_1_69' title='bbox 863 885 1057 917; x_wconf 78' lang='lat' dir='ltr'>monachum</span> 
     </span>
     <span class='ocr_line' id='line_1_14' title="bbox 307 935 1059 980; baseline 0.003 -13"><span class='ocrx_word' id='word_1_70' title='bbox 307 935 410 969; x_wconf 75' lang='lat' dir='ltr'>dictae</span> <span class='ocrx_word' id='word_1_71' title='bbox 436 938 704 980; x_wconf 74' lang='lat' dir='ltr'>congregationis,</span> <span class='ocrx_word' id='word_1_72' title='bbox 726 938 860 970; x_wconf 81' lang='lat' dir='ltr'>civiliter</span> <span class='ocrx_word' id='word_1_73' title='bbox 879 943 931 970; x_wconf 85' lang='lat' dir='ltr'>aut</span> <span class='ocrx_word' id='word_1_74' title='bbox 954 937 1059 970; x_wconf 90' lang='lat' dir='ltr'>crimi-</span> 
     </span>
     <span class='ocr_line' id='line_1_15' title="bbox 308 988 1059 1030; baseline 0.003 -10"><span class='ocrx_word' id='word_1_75' title='bbox 308 988 423 1021; x_wconf 89' lang='lat' dir='ltr'>naliter</span> <span class='ocrx_word' id='word_1_76' title='bbox 459 996 619 1030; x_wconf 66' lang='lat' dir='ltr'>ageretur,</span> <span class='ocrx_word' id='word_1_77' title='bbox 659 992 835 1024; x_wconf 87' lang='lat' dir='ltr'>secundum</span> <span class='ocrx_word' id='word_1_78' title='bbox 875 996 991 1023; x_wconf 88' lang='lat' dir='ltr'>statuta</span> <span class='ocrx_word' id='word_1_79' title='bbox 1028 996 1059 1022; x_wconf 80' lang='lat' dir='ltr'>et</span> 
     </span>
     <span class='ocr_line' id='line_1_16' title="bbox 308 1043 1054 1088; baseline 0.004 -15"><span class='ocrx_word' id='word_1_80' title='bbox 308 1043 559 1076; x_wconf 76' lang='lat' dir='ltr'>eonsuetudines</span> <span class='ocrx_word' id='word_1_81' title='bbox 590 1045 848 1087; x_wconf 67' lang='lat' dir='ltr'>congregationis</span> <span class='ocrx_word' id='word_1_82' title='bbox 869 1045 1029 1088; x_wconf 79' lang='lat' dir='ltr'>praefatae</span> <span class='ocrx_word' id='word_1_83' title='bbox 1048 1071 1054 1083; x_wconf 90' lang='lat'><strong>‚</strong></span> 
     </span>
     <span class='ocr_line' id='line_1_17' title="bbox 307 1095 1054 1140; baseline 0.003 -13"><span class='ocrx_word' id='word_1_84' title='bbox 307 1095 388 1128; x_wconf 87' lang='lat' dir='ltr'>iuris</span> <span class='ocrx_word' id='word_1_85' title='bbox 416 1097 597 1129; x_wconf 85' lang='lat' dir='ltr'>communis</span> <span class='ocrx_word' id='word_1_86' title='bbox 629 1097 786 1140; x_wconf 80' lang='lat' dir='ltr'>apicibus,</span> <span class='ocrx_word' id='word_1_87' title='bbox 822 1097 1054 1137; x_wconf 74' lang='lat' dir='ltr'>ditationibus,</span> 
     </span>
     <span class='ocr_line' id='line_1_18' title="bbox 308 1148 1055 1189; baseline 0.001 -9"><span class='ocrx_word' id='word_1_88' title='bbox 308 1148 454 1181; x_wconf 85' lang='lat' dir='ltr'>terminis</span> <span class='ocrx_word' id='word_1_89' title='bbox 487 1155 517 1182; x_wconf 83' lang='lat' dir='ltr'>et</span> <span class='ocrx_word' id='word_1_90' title='bbox 546 1151 650 1183; x_wconf 88' lang='lat' dir='ltr'>litium</span> <span class='ocrx_word' id='word_1_91' title='bbox 685 1151 882 1184; x_wconf 82' lang='lat' dir='ltr'>anfractibus</span> <span class='ocrx_word' id='word_1_92' title='bbox 913 1151 1055 1189; x_wconf 72' lang='lat' dir='ltr'>omissis,</span> 
     </span>
     <span class='ocr_line' id='line_1_19' title="bbox 307 1202 1057 1248; baseline 0.005 -15"><span class='ocrx_word' id='word_1_93' title='bbox 307 1202 438 1244; x_wconf 78' lang='lat' dir='ltr'>procedi</span> <span class='ocrx_word' id='word_1_94' title='bbox 455 1203 572 1236; x_wconf 87' lang='lat' dir='ltr'>debere</span> <span class='ocrx_word' id='word_1_95' title='bbox 585 1204 791 1245; x_wconf 81' lang='lat' dir='ltr'>mandaverit,</span> <span class='ocrx_word' id='word_1_96' title='bbox 807 1205 949 1237; x_wconf 77' lang='lat' dir='ltr'>eiusdem</span> <span class='ocrx_word' id='word_1_97' title='bbox 966 1214 1057 1248; x_wconf 88' lang='lat' dir='ltr'>prae-</span> 
     </span>
     <span class='ocr_line' id='line_1_20' title="bbox 307 1255 1056 1301; baseline 0.004 -15"><span class='ocrx_word' id='word_1_98' title='bbox 307 1255 484 1288; x_wconf 74' lang='lat' dir='ltr'>decessoris</span> <span class='ocrx_word' id='word_1_99' title='bbox 504 1258 649 1301; x_wconf 78' lang='lat' dir='ltr'>exemplo</span> <span class='ocrx_word' id='word_1_100' title='bbox 670 1258 812 1298; x_wconf 87' lang='lat' dir='ltr'>adducti,</span> <span class='ocrx_word' id='word_1_101' title='bbox 835 1258 931 1301; x_wconf 87' lang='lat' dir='ltr'>quod,</span> <span class='ocrx_word' id='word_1_102' title='bbox 952 1268 1056 1300; x_wconf 89' lang='lat' dir='ltr'>quan-</span> 
     </span>
     <span class='ocr_line' id='line_1_21' title="bbox 307 1307 1055 1352; baseline 0.005 -14"><span class='ocrx_word' id='word_1_103' title='bbox 307 1307 489 1352; x_wconf 89' lang='lat' dir='ltr'>documque</span> <span class='ocrx_word' id='word_1_104' title='bbox 507 1315 617 1343; x_wconf 86' lang='lat' dir='ltr'>contra</span> <span class='ocrx_word' id='word_1_105' title='bbox 642 1311 817 1344; x_wconf 87' lang='lat' dir='ltr'>monachos</span> <span class='ocrx_word' id='word_1_106' title='bbox 842 1311 996 1344; x_wconf 87' lang='lat' dir='ltr'>iudicium</span> <span class='ocrx_word' id='word_1_107' title='bbox 1021 1322 1055 1343; x_wconf 81' lang='lat' dir='ltr'>ex</span> 
     </span>
     <span class='ocr_line' id='line_1_22' title="bbox 307 1360 1054 1406; baseline 0.008 -16"><span class='ocrx_word' id='word_1_108' title='bbox 307 1360 417 1402; x_wconf 90' lang='lat' dir='ltr'>quavis</span> <span class='ocrx_word' id='word_1_109' title='bbox 430 1372 525 1395; x_wconf 86' lang='lat' dir='ltr'>causa</span> <span class='ocrx_word' id='word_1_110' title='bbox 541 1362 661 1396; x_wconf 88' lang='lat' dir='ltr'>institui</span> <span class='ocrx_word' id='word_1_111' title='bbox 678 1363 1054 1406; x_wconf 79' lang='lat' dir='ltr'>contigerit,summarie,</span> 
     </span>
     <span class='ocr_line' id='line_1_23' title="bbox 307 1413 1053 1460; baseline 0.009 -16"><span class='ocrx_word' id='word_1_112' title='bbox 307 1413 495 1456; x_wconf 83' lang='lat' dir='ltr'>simpliciter</span> <span class='ocrx_word' id='word_1_113' title='bbox 518 1422 549 1448; x_wconf 88' lang='lat' dir='ltr'>et</span> <span class='ocrx_word' id='word_1_114' title='bbox 568 1416 606 1449; x_wconf 88' lang='lat' dir='ltr'>de</span> <span class='ocrx_word' id='word_1_115' title='bbox 628 1417 734 1460; x_wconf 89' lang='lat' dir='ltr'>plano,</span> <span class='ocrx_word' id='word_1_116' title='bbox 761 1429 798 1450; x_wconf 88' lang='lat' dir='ltr'>ac</span> <span class='ocrx_word' id='word_1_117' title='bbox 818 1419 884 1450; x_wconf 84' lang='lat' dir='ltr'>sola</span> <span class='ocrx_word' id='word_1_118' title='bbox 904 1419 977 1450; x_wconf 84' lang='lat' dir='ltr'>facti</span> <span class='ocrx_word' id='word_1_119' title='bbox 1003 1429 1053 1451; x_wconf 78' lang='lat' dir='ltr'>ve-</span> 
     </span>
     <span class='ocr_line' id='line_1_24' title="bbox 308 1466 1056 1515; baseline 0.008 -17"><span class='ocrx_word' id='word_1_120' title='bbox 308 1466 402 1500; x_wconf 86' lang='lat' dir='ltr'>ritate</span> <span class='ocrx_word' id='word_1_121' title='bbox 435 1467 599 1512; x_wconf 83' lang='lat' dir='ltr'>inspecta,</span> <span class='ocrx_word' id='word_1_122' title='bbox 629 1481 756 1503; x_wconf 80' lang='lat' dir='ltr'>necnon</span> <span class='ocrx_word' id='word_1_123' title='bbox 792 1471 879 1504; x_wconf 89' lang='lat' dir='ltr'>omni</span> <span class='ocrx_word' id='word_1_124' title='bbox 915 1476 945 1504; x_wconf 90' lang='lat' dir='ltr'>et</span> <span class='ocrx_word' id='word_1_125' title='bbox 976 1482 1056 1515; x_wconf 89' lang='lat' dir='ltr'>qua-</span> 
     </span>
     <span class='ocr_line' id='line_1_25' title="bbox 309 1523 929 1567; baseline 0.01 -16"><span class='ocrx_word' id='word_1_126' title='bbox 309 1531 448 1562; x_wconf 81' lang='lat' dir='ltr'>cumque</span> <span class='ocrx_word' id='word_1_127' title='bbox 468 1523 682 1565; x_wconf 67' lang='lat' dir='ltr'>appellatione</span> <span class='ocrx_word' id='word_1_128' title='bbox 706 1530 841 1563; x_wconf 80' lang='lat' dir='ltr'>remota,</span> <span class='ocrx_word' id='word_1_129' title='bbox 867 1525 929 1567; x_wconf 74' lang='lat' dir='ltr'>agi.</span> 
     </span>
    </p>

    <p class='ocr_par' dir='ltr' id='par_1_3' title="bbox 112 1574 1059 2402">
     <span class='ocr_line' id='line_1_26' title="bbox 345 1574 1057 1619; baseline 0.007 -13"><span class='ocrx_word' id='word_1_130' title='bbox 345 1574 369 1616; x_wconf 58' lang='grc' dir='ltr'>,ἓ</span> <span class='ocrx_word' id='word_1_131' title='bbox 394 1574 425 1607; x_wconf 88' lang='lat'>7.</span> <span class='ocrx_word' id='word_1_132' title='bbox 452 1575 655 1619; x_wconf 84' lang='lat' dir='ltr'>Appellantes</span> <span class='ocrx_word' id='word_1_133' title='bbox 679 1587 765 1617; x_wconf 91' lang='lat' dir='ltr'>vero,</span> <span class='ocrx_word' id='word_1_134' title='bbox 789 1583 844 1610; x_wconf 89' lang='lat' dir='ltr'>aut</span> <span class='ocrx_word' id='word_1_135' title='bbox 868 1578 906 1611; x_wconf 91' lang='lat' dir='ltr'>de</span> <span class='ocrx_word' id='word_1_136' title='bbox 926 1579 1057 1612; x_wconf 88' lang='lat' dir='ltr'>nullita-</span> 
     </span>
     <span class='ocr_line' id='line_1_27' title="bbox 161 1622 1056 1669; baseline 0.008 -15"><span class='ocrx_word' id='word_1_137' title='bbox 161 1639 299 1665; x_wconf 51' lang='lat' dir='ltr'>Afflwtffles</span> <span class='ocrx_word' id='word_1_138' title='bbox 311 1622 396 1655; x_wconf 87' lang='lat' dir='ltr'>tibus</span> <span class='ocrx_word' id='word_1_139' title='bbox 407 1626 651 1665; x_wconf 85' lang='lat' dir='ltr'>sententiarum,</span> <span class='ocrx_word' id='word_1_140' title='bbox 664 1637 873 1669; x_wconf 74' lang='lat' dir='ltr'>processuum</span> <span class='ocrx_word' id='word_1_141' title='bbox 882 1628 1056 1661; x_wconf 86' lang='lat' dir='ltr'>etaliorum</span> 
     </span>
     <span class='ocr_line' id='line_1_28' title="bbox 113 1670 1057 1721; baseline 0.008 -19"><span class='ocrx_word' id='word_1_142' title='bbox 113 1671 215 1721; x_wconf 46' lang='lat' dir='ltr'>ff&#39;fsssslsj&#39;</span> <span class='ocrx_word' id='word_1_143' title='bbox 228 1676 299 1721; x_wconf 39' lang='lat' dir='ltr'>02¹2:ss</span> <span class='ocrx_word' id='word_1_144' title='bbox 313 1682 594 1717; x_wconf 88' lang='lat' dir='ltr'>quorumcumque</span> <span class='ocrx_word' id='word_1_145' title='bbox 615 1680 726 1708; x_wconf 84' lang='lat' dir='ltr'>contra</span> <span class='ocrx_word' id='word_1_146' title='bbox 742 1686 774 1708; x_wconf 88' lang='lat' dir='ltr'>se</span> <span class='ocrx_word' id='word_1_147' title='bbox 790 1676 994 1709; x_wconf 83' lang='lat' dir='ltr'>decretorum</span> <span class='ocrx_word' id='word_1_148' title='bbox 1004 1670 1057 1711; x_wconf 48' lang='lat' dir='ltr'>&#39;vel</span> 
     </span>
     <span class='ocr_line' id='line_1_29' title="bbox 112 1722 1057 1767; baseline 0.008 -16"><span class='ocrx_word' id='word_1_149' title='bbox 112 1732 279 1759; x_wconf 44' lang='lat' dir='ltr'>guastum-mm,</span> <span class='ocrx_word' id='word_1_150' title='bbox 313 1726 458 1754; x_wconf 83' lang='lat' dir='ltr'>actorum</span> <span class='ocrx_word' id='word_1_151' title='bbox 481 1722 637 1764; x_wconf 84' lang='lat' dir='ltr'>dicentes,</span> <span class='ocrx_word' id='word_1_152' title='bbox 658 1725 706 1756; x_wconf 93' lang='lat' dir='ltr'>vel</span> <span class='ocrx_word' id='word_1_153' title='bbox 726 1724 856 1767; x_wconf 82' lang='lat' dir='ltr'>aliquod</span> <span class='ocrx_word' id='word_1_154' title='bbox 883 1725 969 1758; x_wconf 86' lang='lat' dir='ltr'>aliud</span> <span class='ocrx_word' id='word_1_155' title='bbox 1002 1727 1057 1759; x_wconf 89' lang='lat' dir='ltr'>im-</span> 
     </span>
     <span class='ocr_line' id='line_1_30' title="bbox 311 1769 1058 1815; baseline 0.011 -14"><span class='ocrx_word' id='word_1_156' title='bbox 311 1769 531 1812; x_wconf 86' lang='lat' dir='ltr'>pedimentum</span> <span class='ocrx_word' id='word_1_157' title='bbox 556 1771 808 1815; x_wconf 76' lang='lat' dir='ltr'>interponentes,</span> <span class='ocrx_word' id='word_1_158' title='bbox 830 1773 893 1807; x_wconf 86' lang='lat' dir='ltr'>illis</span> <span class='ocrx_word' id='word_1_159' title='bbox 916 1786 981 1808; x_wconf 91' lang='lat' dir='ltr'>non</span> <span class='ocrx_word' id='word_1_160' title='bbox 1001 1776 1058 1808; x_wconf 90' lang='lat' dir='ltr'>ob-</span> 
     </span>
     <span class='ocr_line' id='line_1_31' title="bbox 311 1819 1059 1863; baseline 0.009 -13"><span class='ocrx_word' id='word_1_161' title='bbox 311 1819 477 1859; x_wconf 71' lang='lat' dir='ltr'>stantibus,</span> <span class='ocrx_word' id='word_1_162' title='bbox 490 1819 666 1863; x_wconf 87' lang='lat' dir='ltr'>privatione</span> <span class='ocrx_word' id='word_1_163' title='bbox 678 1820 858 1854; x_wconf 79' lang='lat' dir='ltr'>officiorum</span> <span class='ocrx_word' id='word_1_164' title='bbox 877 1828 908 1855; x_wconf 88' lang='lat' dir='ltr'>et</span> <span class='ocrx_word' id='word_1_165' title='bbox 923 1824 1059 1857; x_wconf 80' lang='lat' dir='ltr'>carceris</span> 
     </span>
     <span class='ocr_line' id='line_1_32' title="bbox 314 1868 1058 1910; baseline 0.008 -11"><span class='ocrx_word' id='word_1_166' title='bbox 314 1868 424 1910; x_wconf 85' lang='lat' dir='ltr'>poenis</span> <span class='ocrx_word' id='word_1_167' title='bbox 449 1868 560 1902; x_wconf 88' lang='lat' dir='ltr'>itidem</span> <span class='ocrx_word' id='word_1_168' title='bbox 584 1870 681 1909; x_wconf 83' lang='lat' dir='ltr'>affici,</span> <span class='ocrx_word' id='word_1_169' title='bbox 711 1875 741 1903; x_wconf 90' lang='lat' dir='ltr'>et</span> <span class='ocrx_word' id='word_1_170' title='bbox 770 1871 808 1903; x_wconf 89' lang='lat' dir='ltr'>ad</span> <span class='ocrx_word' id='word_1_171' title='bbox 842 1872 995 1905; x_wconf 75' lang='lat' dir='ltr'>ulteriora</span> <span class='ocrx_word' id='word_1_172' title='bbox 1027 1874 1058 1905; x_wconf 93' lang='lat' dir='ltr'>in</span> 
     </span>
     <span class='ocr_line' id='line_1_33' title="bbox 313 1916 1059 1962; baseline 0.008 -14"><span class='ocrx_word' id='word_1_173' title='bbox 313 1916 429 1957; x_wconf 88' lang='lat' dir='ltr'>causis,</span> <span class='ocrx_word' id='word_1_174' title='bbox 453 1928 532 1960; x_wconf 87' lang='lat' dir='ltr'>quas</span> <span class='ocrx_word' id='word_1_175' title='bbox 552 1929 610 1962; x_wconf 87' lang='lat' dir='ltr'>pro</span> <span class='ocrx_word' id='word_1_176' title='bbox 630 1924 775 1962; x_wconf 87' lang='lat' dir='ltr'>tempore</span> <span class='ocrx_word' id='word_1_177' title='bbox 797 1920 908 1962; x_wconf 79' lang='lat' dir='ltr'>agitari</span> <span class='ocrx_word' id='word_1_178' title='bbox 934 1922 1059 1954; x_wconf 80' lang='lat' dir='ltr'>contin-</span> 
     </span>
     <span class='ocr_line' id='line_1_34' title="bbox 312 1966 1058 2010; baseline 0.008 -13"><span class='ocrx_word' id='word_1_179' title='bbox 312 1970 374 2007; x_wconf 77' lang='lat' dir='ltr'>get,</span> <span class='ocrx_word' id='word_1_180' title='bbox 405 1966 669 2010; x_wconf 83' lang='lat' dir='ltr'>privationisque,</span> <span class='ocrx_word' id='word_1_181' title='bbox 699 1968 839 2000; x_wconf 86' lang='lat' dir='ltr'>carceris</span> <span class='ocrx_word' id='word_1_182' title='bbox 864 1974 895 2001; x_wconf 91' lang='lat' dir='ltr'>et</span> <span class='ocrx_word' id='word_1_183' title='bbox 924 1970 1058 2003; x_wconf 89' lang='lat' dir='ltr'>aliarum</span> 
     </span>
     <span class='ocr_line' id='line_1_35' title="bbox 313 2017 1059 2059; baseline 0.012 -15"><span class='ocrx_word' id='word_1_184' title='bbox 313 2024 490 2056; x_wconf 82' lang='lat' dir='ltr'>poenarum</span> <span class='ocrx_word' id='word_1_185' title='bbox 508 2022 678 2059; x_wconf 89' lang='lat' dir='ltr'>propterea</span> <span class='ocrx_word' id='word_1_186' title='bbox 696 2017 888 2050; x_wconf 83' lang='lat' dir='ltr'>inflictarum</span> <span class='ocrx_word' id='word_1_187' title='bbox 899 2021 1059 2053; x_wconf 75' lang='lat' dir='ltr'>executio-</span> 
     </span>
     <span class='ocr_line' id='line_1_36' title="bbox 312 2064 1059 2107; baseline 0.013 -16"><span class='ocrx_word' id='word_1_188' title='bbox 312 2071 384 2093; x_wconf 82' lang='lat' dir='ltr'>nem</span> <span class='ocrx_word' id='word_1_189' title='bbox 419 2064 550 2106; x_wconf 77' lang='lat' dir='ltr'>procedi</span> <span class='ocrx_word' id='word_1_190' title='bbox 583 2075 674 2107; x_wconf 84' lang='lat' dir='ltr'>posse</span> <span class='ocrx_word' id='word_1_191' title='bbox 712 2066 881 2106; x_wconf 76' lang='lat' dir='ltr'>volumus3</span> <span class='ocrx_word' id='word_1_192' title='bbox 920 2069 1059 2101; x_wconf 89' lang='lat' dir='ltr'>easdem-</span> 
     </span>
     <span class='ocr_line' id='line_1_37' title="bbox 312 2113 1057 2159; baseline 0.008 -16"><span class='ocrx_word' id='word_1_193' title='bbox 312 2119 374 2151; x_wconf 79' lang='lat' dir='ltr'>que</span> <span class='ocrx_word' id='word_1_194' title='bbox 394 2122 513 2155; x_wconf 82' lang='lat' dir='ltr'>poenas</span> <span class='ocrx_word' id='word_1_195' title='bbox 532 2113 570 2145; x_wconf 88' lang='lat' dir='ltr'>ad</span> <span class='ocrx_word' id='word_1_196' title='bbox 591 2124 645 2149; x_wconf 86' lang='lat' dir='ltr'>eos</span> <span class='ocrx_word' id='word_1_197' title='bbox 670 2114 764 2146; x_wconf 88' lang='lat' dir='ltr'>etiam</span> <span class='ocrx_word' id='word_1_198' title='bbox 791 2116 976 2157; x_wconf 84' lang='lat' dir='ltr'>monachos,</span> <span class='ocrx_word' id='word_1_199' title='bbox 1004 2118 1057 2159; x_wconf 88' lang='lat' dir='ltr'>qui</span> 
     </span>
     <span class='ocr_line' id='line_1_38' title="bbox 312 2160 1058 2209; baseline 0.008 -17"><span class='ocrx_word' id='word_1_200' title='bbox 312 2172 329 2192; x_wconf 84' lang='lat' dir='ltr'>a</span> <span class='ocrx_word' id='word_1_201' title='bbox 363 2160 554 2203; x_wconf 74' lang='lat' dir='ltr'>jurisperitis</span> <span class='ocrx_word' id='word_1_202' title='bbox 583 2167 635 2195; x_wconf 87' lang='lat' dir='ltr'>aut</span> <span class='ocrx_word' id='word_1_203' title='bbox 671 2163 741 2195; x_wconf 86' lang='lat' dir='ltr'>aliis</span> <span class='ocrx_word' id='word_1_204' title='bbox 780 2164 943 2207; x_wconf 76' lang='lat' dir='ltr'>quibusvis</span> <span class='ocrx_word' id='word_1_205' title='bbox 986 2177 1058 2209; x_wconf 89' lang='lat' dir='ltr'>per-</span> 
     </span>
     <span class='ocr_line' id='line_1_39' title="bbox 313 2209 1058 2257; baseline 0.011 -17"><span class='ocrx_word' id='word_1_206' title='bbox 313 2209 398 2241; x_wconf 75' lang='lat' dir='ltr'>sonis</span> <span class='ocrx_word' id='word_1_207' title='bbox 406 2215 492 2242; x_wconf 78' lang='lat' dir='ltr'>extra</span> <span class='ocrx_word' id='word_1_208' title='bbox 507 2211 624 2243; x_wconf 87' lang='lat' dir='ltr'>dictam</span> <span class='ocrx_word' id='word_1_209' title='bbox 637 2213 930 2254; x_wconf 71' lang='lat' dir='ltr'>congregationem,</span> <span class='ocrx_word' id='word_1_210' title='bbox 941 2214 1058 2257; x_wconf 85' lang='lat' dir='ltr'>absque</span> 
     </span>
     <span class='ocr_line' id='line_1_40' title="bbox 313 2259 1059 2306; baseline 0.008 -17"><span class='ocrx_word' id='word_1_211' title='bbox 313 2267 423 2289; x_wconf 82' lang='lat' dir='ltr'>corum</span> <span class='ocrx_word' id='word_1_212' title='bbox 451 2259 655 2301; x_wconf 81' lang='lat' dir='ltr'>superiorum</span> <span class='ocrx_word' id='word_1_213' title='bbox 676 2260 816 2300; x_wconf 84' lang='lat' dir='ltr'>licentia,</span> <span class='ocrx_word' id='word_1_214' title='bbox 844 2261 875 2293; x_wconf 89' lang='lat' dir='ltr'>iu</span> <span class='ocrx_word' id='word_1_215' title='bbox 904 2262 953 2295; x_wconf 86' lang='lat' dir='ltr'>liis</span> <span class='ocrx_word' id='word_1_216' title='bbox 977 2275 1059 2306; x_wconf 77' lang='lat' dir='ltr'>quae</span> 
     </span>
     <span class='ocr_line' id='line_1_41' title="bbox 313 2306 1059 2345; baseline 0.009 -8"><span class='ocrx_word' id='word_1_217' title='bbox 313 2306 352 2337; x_wconf 86' lang='lat' dir='ltr'>ad</span> <span class='ocrx_word' id='word_1_218' title='bbox 389 2306 602 2340; x_wconf 75' lang='lat' dir='ltr'>obedientiam</span> <span class='ocrx_word' id='word_1_219' title='bbox 637 2313 692 2341; x_wconf 89' lang='lat' dir='ltr'>aut</span> <span class='ocrx_word' id='word_1_220' title='bbox 720 2309 952 2343; x_wconf 85' lang='lat' dir='ltr'>correctionem</span> <span class='ocrx_word' id='word_1_221' title='bbox 978 2312 1059 2345; x_wconf 91' lang='lat' dir='ltr'>eius—</span> 
     </span>
     <span class='ocr_line' id='line_1_42' title="bbox 314 2354 1057 2402; baseline 0.012 -18"><span class='ocrx_word' id='word_1_222' title='bbox 314 2354 424 2386; x_wconf 74' lang='lat' dir='ltr'>demve</span> <span class='ocrx_word' id='word_1_223' title='bbox 459 2357 714 2397; x_wconf 67' lang='lat' dir='ltr'>congregationis</span> <span class='ocrx_word' id='word_1_224' title='bbox 739 2358 881 2400; x_wconf 78' lang='lat' dir='ltr'>regimen</span> <span class='ocrx_word' id='word_1_225' title='bbox 918 2360 1057 2402; x_wconf 90' lang='lat' dir='ltr'>pertine-</span> 
     </span>
    </p>

    <p class='ocr_par' dir='ltr' id='par_1_4' title="bbox 117 2402 1059 2597">
     <span class='ocr_line' id='line_1_43' title="bbox 315 2402 991 2448; baseline 0.01 -15"><span class='ocrx_word' id='word_1_226' title='bbox 315 2402 406 2442; x_wconf 83' lang='lat' dir='ltr'>bunt,</span> <span class='ocrx_word' id='word_1_227' title='bbox 429 2404 597 2436; x_wconf 67' lang='lat' dir='ltr'>consitium</span> <span class='ocrx_word' id='word_1_228' title='bbox 619 2406 757 2448; x_wconf 80' lang='lat' dir='ltr'>capient,</span> <span class='ocrx_word' id='word_1_229' title='bbox 780 2407 991 2441; x_wconf 84' lang='lat' dir='ltr'>extendimus.</span> 
     </span>
     <span class='ocr_line' id='line_1_44' title="bbox 359 2452 1059 2498; baseline 0.007 -15"><span class='ocrx_word' id='word_1_230' title='bbox 359 2452 374 2493; x_wconf 61' lang='grc' dir='ltr'>ξ</span> <span class='ocrx_word' id='word_1_231' title='bbox 402 2452 430 2484; x_wconf 76' lang='grc'>8.</span> <span class='ocrx_word' id='word_1_232' title='bbox 459 2453 502 2483; x_wconf 75' lang='lat' dir='ltr'>Ae</span> <span class='ocrx_word' id='word_1_233' title='bbox 527 2464 636 2487; x_wconf 87' lang='lat' dir='ltr'>omnes</span> <span class='ocrx_word' id='word_1_234' title='bbox 657 2460 687 2487; x_wconf 87' lang='lat' dir='ltr'>et</span> <span class='ocrx_word' id='word_1_235' title='bbox 711 2456 853 2498; x_wconf 73' lang='lat' dir='ltr'>singulos</span> <span class='ocrx_word' id='word_1_236' title='bbox 886 2458 1059 2491; x_wconf 64' lang='lat' dir='ltr'>monac-lios</span> 
     </span>
     <span class='ocr_line' id='line_1_45' title="bbox 163 2501 1059 2549; baseline 0.01 -22"><span class='ocrx_word' id='word_1_237' title='bbox 163 2513 302 2534; x_wconf 42' lang='lat' dir='ltr'>*masa-„ntus</span> <span class='ocrx_word' id='word_1_238' title='bbox 317 2501 573 2543; x_wconf 73' lang='lat' dir='ltr'>congregationis</span> <span class='ocrx_word' id='word_1_239' title='bbox 603 2504 786 2545; x_wconf 77' lang='lat' dir='ltr'>praefatae,</span> <span class='ocrx_word' id='word_1_240' title='bbox 827 2505 1059 2549; x_wconf 73' lang='lat' dir='ltr'>cuiuscumqiw</span> 
     </span>
     <span class='ocr_line' id='line_1_46' title="bbox 117 2549 1058 2597; baseline 0.009 -17"><span class='ocrx_word' id='word_1_241' title='bbox 117 2551 141 2578; x_wconf 64' lang='lat' dir='ltr'>ot</span> <span class='ocrx_word' id='word_1_242' title='bbox 157 2552 226 2567; x_wconf 56' lang='lat'>‘&#39;³¹¹⁸&#39;&#39;</span> <span class='ocrx_word' id='word_1_243' title='bbox 250 2550 305 2565; x_wconf 55' lang='grc' dir='ltr'>Μ’·</span> <span class='ocrx_word' id='word_1_244' title='bbox 318 2549 441 2589; x_wconf 84' lang='lat' dir='ltr'>aetatis,</span> <span class='ocrx_word' id='word_1_245' title='bbox 471 2550 599 2589; x_wconf 61' lang='lat' dir='ltr'>gradus,</span> <span class='ocrx_word' id='word_1_246' title='bbox 619 2553 823 2593; x_wconf 71' lang='lat' dir='ltr'>conditionis,</span> <span class='ocrx_word' id='word_1_247' title='bbox 848 2554 1058 2597; x_wconf 46' lang='lat' dir='ltr'>praeminen-</span> 
     </span>
    </p>
   </div>
   <div class='ocr_carea' id='block_1_3' title="bbox 356 2620 940 2659">
    <p class='ocr_par' dir='ltr' id='par_1_5' title="bbox 356 2620 940 2659">
     <span class='ocr_line' id='line_1_47' title="bbox 356 2620 940 2659; baseline 0.007 -11"><span class='ocrx_word' id='word_1_248' title='bbox 356 2623 366 2648; x_wconf 86' lang='lat'>1</span> <span class='ocrx_word' id='word_1_249' title='bbox 384 2620 504 2648; x_wconf 78' lang='lat' dir='ltr'>Cherub.</span> <span class='ocrx_word' id='word_1_250' title='bbox 523 2621 596 2649; x_wconf 81' lang='lat' dir='ltr'>addit</span> <span class='ocrx_word' id='word_1_251' title='bbox 611 2624 820 2651; x_wconf 69' lang='lat' dir='ltr'>cora-ecte&#39;omlms</span> <span class='ocrx_word' id='word_1_252' title='bbox 835 2626 874 2659; x_wconf 70' lang='lat' dir='ltr'>(ti.</span> <span class='ocrx_word' id='word_1_253' title='bbox 892 2626 940 2658; x_wconf 55' lang='grc' dir='ltr'>ΤΣ),</span> 
     </span>
    </p>
   </div>
   <div class='ocr_carea' id='block_1_4' title="bbox 906 251 1254 278">
    <p class='ocr_par' dir='ltr' id='par_1_6' title="bbox 906 251 1254 278">
     <span class='ocr_line' id='line_1_48' title="bbox 906 251 1254 278; baseline -0.011 -2"><span class='ocrx_word' id='word_1_254' title='bbox 906 253 1082 278; x_wconf 67' lang='grc' dir='ltr'>ΠΙῘΙᾸΛῙΠΠΜ</span> <span class='ocrx_word' id='word_1_255' title='bbox 1106 251 1254 276; x_wconf 69' lang='grc' dir='ltr'>ΠΟΜΑΝῘἯ</span> 
     </span>
    </p>
   </div>
   <div class='ocr_carea' id='block_1_5' title="bbox 1098 299 1853 2659">
    <p class='ocr_par' dir='ltr' id='par_1_7' title="bbox 1098 299 1853 1396">
     <span class='ocr_line' id='line_1_49' title="bbox 1105 299 1851 344; baseline -0.003 -10"><span class='ocrx_word' id='word_1_256' title='bbox 1105 302 1165 334; x_wconf 85' lang='lat' dir='ltr'>tiae</span> <span class='ocrx_word' id='word_1_257' title='bbox 1175 306 1206 334; x_wconf 90' lang='lat' dir='ltr'>et.</span> <span class='ocrx_word' id='word_1_258' title='bbox 1219 301 1415 333; x_wconf 83' lang='lat' dir='ltr'>litteraturae</span> <span class='ocrx_word' id='word_1_259' title='bbox 1428 299 1597 333; x_wconf 74' lang='lat' dir='ltr'>existentes</span> <span class='ocrx_word' id='word_1_260' title='bbox 1605 304 1635 333; x_wconf 86' lang='lat' dir='ltr'>et</span> <span class='ocrx_word' id='word_1_261' title='bbox 1646 310 1851 344; x_wconf 86' lang='lat' dir='ltr'>quacumque</span> 
     </span>
     <span class='ocr_line' id='line_1_50' title="bbox 1104 353 1852 397; baseline -0.003 -10"><span class='ocrx_word' id='word_1_262' title='bbox 1104 354 1255 397; x_wconf 74' lang='lat' dir='ltr'>dignitate</span> <span class='ocrx_word' id='word_1_263' title='bbox 1269 353 1516 397; x_wconf 70' lang='lat' dir='ltr'>praefulgentes,</span> <span class='ocrx_word' id='word_1_264' title='bbox 1529 354 1595 396; x_wconf 88' lang='lat' dir='ltr'>qui,</span> <span class='ocrx_word' id='word_1_265' title='bbox 1608 353 1645 386; x_wconf 90' lang='lat' dir='ltr'>ad</span> <span class='ocrx_word' id='word_1_266' title='bbox 1655 354 1852 397; x_wconf 87' lang='lat' dir='ltr'>praelaturas</span> 
     </span>
     <span class='ocr_line' id='line_1_51' title="bbox 1104 406 1853 449; baseline -0.004 -8"><span class='ocrx_word' id='word_1_267' title='bbox 1104 414 1134 441; x_wconf 89' lang='lat' dir='ltr'>et</span> <span class='ocrx_word' id='word_1_268' title='bbox 1158 407 1218 440; x_wconf 88' lang='lat' dir='ltr'>alia</span> <span class='ocrx_word' id='word_1_269' title='bbox 1243 407 1348 440; x_wconf 67' lang='lat' dir='ltr'>ot‘ticia</span> <span class='ocrx_word' id='word_1_270' title='bbox 1372 406 1476 438; x_wconf 87' lang='lat' dir='ltr'>dictae</span> <span class='ocrx_word' id='word_1_271' title='bbox 1494 417 1531 439; x_wconf 90' lang='lat' dir='ltr'>co</span> <span class='ocrx_word' id='word_1_272' title='bbox 1557 406 1750 449; x_wconf 76' lang='lat' dir='ltr'>0·regati0nis</span> <span class='ocrx_word' id='word_1_273' title='bbox 1768 416 1853 439; x_wconf 88' lang='lat' dir='ltr'>asse-</span> 
     </span>
     <span class='ocr_line' id='line_1_52' title="bbox 1103 417 1852 504; baseline -0.001 -11"><span class='ocrx_word' id='word_1_274' title='bbox 1103 461 1231 504; x_wconf 83' lang='lat' dir='ltr'>quenda</span> <span class='ocrx_word' id='word_1_275' title='bbox 1256 460 1382 499; x_wconf 76' lang='lat' dir='ltr'>intenti,</span> <span class='ocrx_word' id='word_1_276' title='bbox 1405 459 1443 491; x_wconf 93' lang='lat' dir='ltr'>ad</span> <span class='ocrx_word' id='word_1_277' title='bbox 1463 417 1646 502; x_wconf 48' lang='grc' dir='ltr'>]πίῐξριιη]</span> <span class='ocrx_word' id='word_1_278' title='bbox 1671 465 1702 492; x_wconf 89' lang='lat' dir='ltr'>et</span> <span class='ocrx_word' id='word_1_279' title='bbox 1726 459 1852 503; x_wconf 83' lang='lat' dir='ltr'>praela-</span> 
     </span>
     <span class='ocr_line' id='line_1_53' title="bbox 1106 511 1852 556; baseline -0.003 -10"><span class='ocrx_word' id='word_1_280' title='bbox 1106 520 1233 554; x_wconf 86' lang='lat' dir='ltr'>torum,</span> <span class='ocrx_word' id='word_1_281' title='bbox 1260 513 1298 545; x_wconf 82' lang='lat' dir='ltr'>de</span> <span class='ocrx_word' id='word_1_282' title='bbox 1322 512 1447 554; x_wconf 74' lang='lat' dir='ltr'>gremio</span> <span class='ocrx_word' id='word_1_283' title='bbox 1467 511 1571 545; x_wconf 88' lang='lat' dir='ltr'>dictae</span> <span class='ocrx_word' id='word_1_284' title='bbox 1595 512 1852 556; x_wconf 82' lang='lat' dir='ltr'>congregationis</span> 
     </span>
     <span class='ocr_line' id='line_1_54' title="bbox 1103 565 1851 606; baseline -0.001 -7"><span class='ocrx_word' id='word_1_285' title='bbox 1103 578 1166 599; x_wconf 89' lang='lat' dir='ltr'>non</span> <span class='ocrx_word' id='word_1_286' title='bbox 1183 567 1396 606; x_wconf 78' lang='lat' dir='ltr'>existentium,</span> <span class='ocrx_word' id='word_1_287' title='bbox 1423 566 1545 598; x_wconf 81' lang='lat' dir='ltr'>favores</span> <span class='ocrx_word' id='word_1_288' title='bbox 1571 566 1778 605; x_wconf 82' lang='lat' dir='ltr'>recurrerint,</span> <span class='ocrx_word' id='word_1_289' title='bbox 1801 565 1851 598; x_wconf 88' lang='lat' dir='ltr'>vel</span> 
     </span>
     <span class='ocr_line' id='line_1_55' title="bbox 1103 618 1851 663; baseline -0.001 -11"><span class='ocrx_word' id='word_1_290' title='bbox 1103 620 1197 653; x_wconf 86' lang='lat' dir='ltr'>etiam</span> <span class='ocrx_word' id='word_1_291' title='bbox 1237 621 1336 663; x_wconf 77' lang='lat' dir='ltr'>pactis</span> <span class='ocrx_word' id='word_1_292' title='bbox 1351 647 1358 660; x_wconf 86' lang='lat'>,</span> <span class='ocrx_word' id='word_1_293' title='bbox 1393 618 1680 662; x_wconf 80' lang='lat' dir='ltr'>pollicitationibus</span> <span class='ocrx_word' id='word_1_294' title='bbox 1714 619 1851 662; x_wconf 87' lang='lat' dir='ltr'>aliisque</span> 
     </span>
     <span class='ocr_line' id='line_1_56' title="bbox 1102 671 1849 714; baseline -0.001 -9"><span class='ocrx_word' id='word_1_295' title='bbox 1102 672 1170 712; x_wconf 81' lang='lat' dir='ltr'>viis,</span> <span class='ocrx_word' id='word_1_296' title='bbox 1193 673 1311 706; x_wconf 82' lang='lat' dir='ltr'>directe</span> <span class='ocrx_word' id='word_1_297' title='bbox 1336 673 1383 704; x_wconf 81' lang='lat' dir='ltr'>vel</span> <span class='ocrx_word' id='word_1_298' title='bbox 1404 671 1571 709; x_wconf 82' lang='lat' dir='ltr'>indirecte,</span> <span class='ocrx_word' id='word_1_299' title='bbox 1594 672 1698 714; x_wconf 88' lang='lat' dir='ltr'>palam</span> <span class='ocrx_word' id='word_1_300' title='bbox 1725 672 1773 705; x_wconf 93' lang='lat' dir='ltr'>vel</span> <span class='ocrx_word' id='word_1_301' title='bbox 1794 682 1849 704; x_wconf 92' lang='lat' dir='ltr'>oc-</span> 
     </span>
     <span class='ocr_line' id='line_1_57' title="bbox 1102 724 1850 767; baseline 0 -10"><span class='ocrx_word' id='word_1_302' title='bbox 1102 726 1198 765; x_wconf 88' lang='lat' dir='ltr'>culte,</span> <span class='ocrx_word' id='word_1_303' title='bbox 1224 726 1263 758; x_wconf 87' lang='lat' dir='ltr'>ad</span> <span class='ocrx_word' id='word_1_304' title='bbox 1280 726 1448 767; x_wconf 74' lang='lat' dir='ltr'>dignitates</span> <span class='ocrx_word' id='word_1_305' title='bbox 1467 735 1523 757; x_wconf 88' lang='lat' dir='ltr'>seu</span> <span class='ocrx_word' id='word_1_306' title='bbox 1543 724 1650 757; x_wconf 80' lang='lat' dir='ltr'>officia</span> <span class='ocrx_word' id='word_1_307' title='bbox 1665 724 1697 757; x_wconf 89' lang='lat' dir='ltr'>in</span> <span class='ocrx_word' id='word_1_308' title='bbox 1718 735 1850 767; x_wconf 79' lang='lat' dir='ltr'>congre-</span> 
     </span>
     <span class='ocr_line' id='line_1_58' title="bbox 1101 777 1847 822; baseline 0.001 -12"><span class='ocrx_word' id='word_1_309' title='bbox 1101 779 1228 821; x_wconf 68' lang='lat' dir='ltr'>gatione</span> <span class='ocrx_word' id='word_1_310' title='bbox 1257 779 1398 822; x_wconf 79' lang='lat' dir='ltr'>praefata</span> <span class='ocrx_word' id='word_1_311' title='bbox 1422 777 1595 811; x_wconf 87' lang='lat' dir='ltr'>obtinenda</span> <span class='ocrx_word' id='word_1_312' title='bbox 1626 777 1847 820; x_wconf 84' lang='lat' dir='ltr'>aspiraverint,</span> 
     </span>
     <span class='ocr_line' id='line_1_59' title="bbox 1101 823 1851 874; baseline 0.003 -12"><span class='ocrx_word' id='word_1_313' title='bbox 1101 832 1148 863; x_wconf 86' lang='lat' dir='ltr'>vel</span> <span class='ocrx_word' id='word_1_314' title='bbox 1179 831 1249 864; x_wconf 86' lang='lat' dir='ltr'>aliis</span> <span class='ocrx_word' id='word_1_315' title='bbox 1274 832 1379 864; x_wconf 83' lang='lat' dir='ltr'>minus</span> <span class='ocrx_word' id='word_1_316' title='bbox 1414 831 1567 874; x_wconf 75' lang='lat' dir='ltr'>legitimis</span> <span class='ocrx_word' id='word_1_317' title='bbox 1591 835 1622 863; x_wconf 84' lang='lat' dir='ltr'>et</span> <span class='ocrx_word' id='word_1_318' title='bbox 1639 823 1783 863; x_wconf 78' lang='lat' dir='ltr'>honestis</span> <span class='ocrx_word' id='word_1_319' title='bbox 1802 841 1851 864; x_wconf 81' lang='lat' dir='ltr'>ra-</span> 
     </span>
     <span class='ocr_line' id='line_1_60' title="bbox 1103 883 1850 927; baseline 0.001 -12"><span class='ocrx_word' id='word_1_320' title='bbox 1103 883 1243 916; x_wconf 82' lang='lat' dir='ltr'>tionibus</span> <span class='ocrx_word' id='word_1_321' title='bbox 1275 895 1312 917; x_wconf 83' lang='lat' dir='ltr'>ea</span> <span class='ocrx_word' id='word_1_322' title='bbox 1336 884 1480 917; x_wconf 89' lang='lat' dir='ltr'>obtinere</span> <span class='ocrx_word' id='word_1_323' title='bbox 1513 883 1753 927; x_wconf 81' lang='lat' dir='ltr'>quaesiverint,</span> <span class='ocrx_word' id='word_1_324' title='bbox 1779 883 1850 916; x_wconf 90' lang='lat' dir='ltr'>illo-</span> 
     </span>
     <span class='ocr_line' id='line_1_61' title="bbox 1100 937 1850 981; baseline 0.003 -13"><span class='ocrx_word' id='word_1_325' title='bbox 1100 948 1238 980; x_wconf 85' lang='lat' dir='ltr'>rumque</span> <span class='ocrx_word' id='word_1_326' title='bbox 1268 937 1442 981; x_wconf 84' lang='lat' dir='ltr'>complices</span> <span class='ocrx_word' id='word_1_327' title='bbox 1465 942 1495 970; x_wconf 85' lang='lat' dir='ltr'>et</span> <span class='ocrx_word' id='word_1_328' title='bbox 1525 938 1675 977; x_wconf 76' lang='lat' dir='ltr'>fautores,</span> <span class='ocrx_word' id='word_1_329' title='bbox 1698 937 1736 970; x_wconf 89' lang='lat' dir='ltr'>ad</span> <span class='ocrx_word' id='word_1_330' title='bbox 1756 947 1850 980; x_wconf 85' lang='lat' dir='ltr'>quas-</span> 
     </span>
     <span class='ocr_line' id='line_1_62' title="bbox 1100 990 1847 1034; baseline 0 -11"><span class='ocrx_word' id='word_1_331' title='bbox 1100 1001 1240 1033; x_wconf 85' lang='lat' dir='ltr'>cumque</span> <span class='ocrx_word' id='word_1_332' title='bbox 1260 991 1468 1034; x_wconf 84' lang='lat' dir='ltr'>praelaturas,</span> <span class='ocrx_word' id='word_1_333' title='bbox 1493 991 1664 1033; x_wconf 71' lang='lat' dir='ltr'>dignitates</span> <span class='ocrx_word' id='word_1_334' title='bbox 1683 996 1714 1023; x_wconf 89' lang='lat' dir='ltr'>et</span> <span class='ocrx_word' id='word_1_335' title='bbox 1729 990 1847 1031; x_wconf 84' lang='lat' dir='ltr'>officia,</span> 
     </span>
     <span class='ocr_line' id='line_1_63' title="bbox 1099 1044 1848 1088; baseline 0.003 -13"><span class='ocrx_word' id='word_1_336' title='bbox 1099 1044 1280 1086; x_wconf 83' lang='lat' dir='ltr'>spiritualia</span> <span class='ocrx_word' id='word_1_337' title='bbox 1299 1045 1348 1077; x_wconf 84' lang='lat' dir='ltr'>vel</span> <span class='ocrx_word' id='word_1_338' title='bbox 1368 1045 1569 1088; x_wconf 82' lang='lat' dir='ltr'>temporalia,</span> <span class='ocrx_word' id='word_1_339' title='bbox 1606 1050 1637 1077; x_wconf 81' lang='lat' dir='ltr'>ct</span> <span class='ocrx_word' id='word_1_340' title='bbox 1660 1044 1848 1088; x_wconf 86' lang='lat' dir='ltr'>praesertim</span> 
     </span>
     <span class='ocr_line' id='line_1_64' title="bbox 1099 1097 1849 1140; baseline 0.003 -12"><span class='ocrx_word' id='word_1_341' title='bbox 1099 1097 1131 1128; x_wconf 92' lang='lat' dir='ltr'>in</span> <span class='ocrx_word' id='word_1_342' title='bbox 1158 1097 1225 1140; x_wconf 88' lang='lat' dir='ltr'>ipsa</span> <span class='ocrx_word' id='word_1_343' title='bbox 1250 1098 1521 1140; x_wconf 77' lang='lat' dir='ltr'>congregatione,</span> <span class='ocrx_word' id='word_1_344' title='bbox 1557 1098 1685 1130; x_wconf 87' lang='lat' dir='ltr'>obtenta</span> <span class='ocrx_word' id='word_1_345' title='bbox 1714 1103 1745 1130; x_wconf 90' lang='lat' dir='ltr'>et</span> <span class='ocrx_word' id='word_1_346' title='bbox 1768 1097 1849 1130; x_wconf 91' lang='lat' dir='ltr'>obti-</span> 
     </span>
     <span class='ocr_line' id='line_1_65' title="bbox 1098 1150 1846 1193; baseline 0.001 -11"><span class='ocrx_word' id='word_1_347' title='bbox 1098 1150 1213 1189; x_wconf 81' lang='lat' dir='ltr'>nenda,</span> <span class='ocrx_word' id='word_1_348' title='bbox 1233 1155 1390 1193; x_wconf 88' lang='lat' dir='ltr'>perpetuo</span> <span class='ocrx_word' id='word_1_349' title='bbox 1410 1150 1567 1183; x_wconf 82' lang='lat' dir='ltr'>inhabiles</span> <span class='ocrx_word' id='word_1_350' title='bbox 1581 1151 1793 1191; x_wconf 87' lang='lat' dir='ltr'>declaramus,</span> <span class='ocrx_word' id='word_1_351' title='bbox 1809 1161 1846 1183; x_wconf 85' lang='lat' dir='ltr'>ac</span> 
     </span>
     <span class='ocr_line' id='line_1_66' title="bbox 1099 1203 1844 1247; baseline 0.001 -12"><span class='ocrx_word' id='word_1_352' title='bbox 1099 1203 1249 1243; x_wconf 88' lang='lat' dir='ltr'>obtentis,</span> <span class='ocrx_word' id='word_1_353' title='bbox 1272 1204 1476 1246; x_wconf 86' lang='lat' dir='ltr'>praelaturis,</span> <span class='ocrx_word' id='word_1_354' title='bbox 1505 1204 1725 1247; x_wconf 80' lang='lat' dir='ltr'>dignitatibus,</span> <span class='ocrx_word' id='word_1_355' title='bbox 1745 1203 1844 1237; x_wconf 87' lang='lat' dir='ltr'>admi-</span> 
     </span>
     <span class='ocr_line' id='line_1_67' title="bbox 1099 1256 1845 1300; baseline 0.001 -12"><span class='ocrx_word' id='word_1_356' title='bbox 1099 1256 1343 1290; x_wconf 87' lang='lat' dir='ltr'>nistrationibus</span> <span class='ocrx_word' id='word_1_357' title='bbox 1353 1258 1400 1290; x_wconf 91' lang='lat' dir='ltr'>vel</span> <span class='ocrx_word' id='word_1_358' title='bbox 1413 1257 1573 1290; x_wconf 80' lang='lat' dir='ltr'>osticiiseo</span> <span class='ocrx_word' id='word_1_359' title='bbox 1590 1257 1659 1300; x_wconf 89' lang='lat' dir='ltr'>ipso</span> <span class='ocrx_word' id='word_1_360' title='bbox 1671 1257 1845 1300; x_wconf 85' lang='lat' dir='ltr'>privamus,</span> 
     </span>
     <span class='ocr_line' id='line_1_68' title="bbox 1098 1309 1846 1353; baseline 0.003 -12"><span class='ocrx_word' id='word_1_361' title='bbox 1098 1319 1134 1341; x_wconf 87' lang='lat' dir='ltr'>ac</span> <span class='ocrx_word' id='word_1_362' title='bbox 1155 1309 1293 1352; x_wconf 87' lang='lat' dir='ltr'>privatos</span> <span class='ocrx_word' id='word_1_363' title='bbox 1311 1320 1389 1343; x_wconf 84' lang='lat' dir='ltr'>voce</span> <span class='ocrx_word' id='word_1_364' title='bbox 1423 1315 1489 1342; x_wconf 88' lang='lat' dir='ltr'>tum</span> <span class='ocrx_word' id='word_1_365' title='bbox 1514 1310 1613 1343; x_wconf 82' lang='lat' dir='ltr'>activa</span> <span class='ocrx_word' id='word_1_366' title='bbox 1636 1315 1705 1342; x_wconf 89' lang='lat' dir='ltr'>tum</span> <span class='ocrx_word' id='word_1_367' title='bbox 1725 1310 1846 1353; x_wconf 87' lang='lat' dir='ltr'>passiva</span> 
     </span>
     <span class='ocr_line' id='line_1_69' title="bbox 1098 1363 1711 1396; baseline 0.002 -2"><span class='ocrx_word' id='word_1_368' title='bbox 1098 1373 1207 1395; x_wconf 88' lang='lat' dir='ltr'>carere</span> <span class='ocrx_word' id='word_1_369' title='bbox 1225 1363 1430 1395; x_wconf 87' lang='lat' dir='ltr'>decernimus</span> <span class='ocrx_word' id='word_1_370' title='bbox 1449 1367 1480 1395; x_wconf 88' lang='lat' dir='ltr'>et</span> <span class='ocrx_word' id='word_1_371' title='bbox 1499 1363 1711 1396; x_wconf 87' lang='lat' dir='ltr'>declaramus.</span> 
     </span>
    </p>

    <p class='ocr_par' dir='ltr' id='par_1_8' title="bbox 1098 1415 1848 2659">
     <span class='ocr_line' id='line_1_70' title="bbox 1142 1415 1840 1458; baseline 0.003 -10"><span class='ocrx_word' id='word_1_372' title='bbox 1142 1416 1156 1458; x_wconf 65' lang='grc' dir='ltr'>ἓ</span> <span class='ocrx_word' id='word_1_373' title='bbox 1181 1415 1211 1448; x_wconf 80' lang='lat'>9.</span> <span class='ocrx_word' id='word_1_374' title='bbox 1234 1416 1283 1456; x_wconf 86' lang='lat' dir='ltr'>Et,</span> <span class='ocrx_word' id='word_1_375' title='bbox 1301 1416 1333 1448; x_wconf 91' lang='lat' dir='ltr'>in</span> <span class='ocrx_word' id='word_1_376' title='bbox 1345 1417 1461 1449; x_wconf 83' lang='lat' dir='ltr'>virtute</span> <span class='ocrx_word' id='word_1_377' title='bbox 1485 1422 1611 1449; x_wconf 85' lang='lat' dir='ltr'>sanctae</span> <span class='ocrx_word' id='word_1_378' title='bbox 1631 1416 1840 1451; x_wconf 80' lang='lat' dir='ltr'>obedientiae,</span> 
     </span>
     <span class='ocr_line' id='line_1_71' title="bbox 1098 1469 1842 1510; baseline 0.003 -9"><span class='ocrx_word' id='word_1_379' title='bbox 1098 1480 1134 1501; x_wconf 90' lang='lat' dir='ltr'>ac</span> <span class='ocrx_word' id='word_1_380' title='bbox 1144 1469 1201 1501; x_wconf 88' lang='lat' dir='ltr'>sub</span> <span class='ocrx_word' id='word_1_381' title='bbox 1214 1469 1555 1503; x_wconf 80' lang='lat' dir='ltr'>excommunicationis</span> <span class='ocrx_word' id='word_1_382' title='bbox 1565 1471 1645 1503; x_wconf 87' lang='lat' dir='ltr'>latae</span> <span class='ocrx_word' id='word_1_383' title='bbox 1655 1469 1842 1510; x_wconf 84' lang='lat' dir='ltr'>sententiae,</span> 
     </span>
     <span class='ocr_line' id='line_1_72' title="bbox 1099 1521 1844 1565; baseline 0.004 -12"><span class='ocrx_word' id='word_1_384' title='bbox 1099 1521 1248 1554; x_wconf 86' lang='lat' dir='ltr'>omnibus</span> <span class='ocrx_word' id='word_1_385' title='bbox 1268 1522 1371 1555; x_wconf 87' lang='lat' dir='ltr'>dictae</span> <span class='ocrx_word' id='word_1_386' title='bbox 1392 1522 1648 1565; x_wconf 74' lang='lat' dir='ltr'>congregationis</span> <span class='ocrx_word' id='word_1_387' title='bbox 1668 1523 1844 1564; x_wconf 79' lang='lat' dir='ltr'>monachis,</span> 
     </span>
     <span class='ocr_line' id='line_1_73' title="bbox 1098 1575 1845 1619; baseline 0.001 -12"><span class='ocrx_word' id='word_1_388' title='bbox 1098 1575 1153 1617; x_wconf 89' lang='lat' dir='ltr'>qui</span> <span class='ocrx_word' id='word_1_389' title='bbox 1178 1585 1236 1618; x_wconf 86' lang='lat' dir='ltr'>pro</span> <span class='ocrx_word' id='word_1_390' title='bbox 1256 1581 1402 1619; x_wconf 85' lang='lat' dir='ltr'>tempore</span> <span class='ocrx_word' id='word_1_391' title='bbox 1421 1576 1570 1618; x_wconf 75' lang='lat' dir='ltr'>regimini</span> <span class='ocrx_word' id='word_1_392' title='bbox 1590 1576 1694 1608; x_wconf 86' lang='lat' dir='ltr'>dictae</span> <span class='ocrx_word' id='word_1_393' title='bbox 1709 1586 1845 1619; x_wconf 80' lang='lat' dir='ltr'>congre-</span> 
     </span>
     <span class='ocr_line' id='line_1_74' title="bbox 1099 1628 1847 1673; baseline 0.003 -13"><span class='ocrx_word' id='word_1_394' title='bbox 1099 1628 1236 1670; x_wconf 76' lang='lat' dir='ltr'>gationis</span> <span class='ocrx_word' id='word_1_395' title='bbox 1275 1629 1418 1673; x_wconf 85' lang='lat' dir='ltr'>deputati</span> <span class='ocrx_word' id='word_1_396' title='bbox 1457 1634 1570 1670; x_wconf 87' lang='lat' dir='ltr'>erunt,</span> <span class='ocrx_word' id='word_1_397' title='bbox 1611 1628 1847 1672; x_wconf 87' lang='lat' dir='ltr'>praecipientes</span> 
     </span>
     <span class='ocr_line' id='line_1_75' title="bbox 1100 1681 1845 1726; baseline 0.001 -12"><span class='ocrx_word' id='word_1_398' title='bbox 1100 1681 1308 1724; x_wconf 81' lang='lat' dir='ltr'>districteque</span> <span class='ocrx_word' id='word_1_399' title='bbox 1341 1682 1527 1715; x_wconf 80' lang='lat' dir='ltr'>mandantes</span> <span class='ocrx_word' id='word_1_400' title='bbox 1551 1693 1591 1715; x_wconf 88' lang='lat' dir='ltr'>ne</span> <span class='ocrx_word' id='word_1_401' title='bbox 1611 1682 1748 1724; x_wconf 74' lang='lat' dir='ltr'>aliquos,</span> <span class='ocrx_word' id='word_1_402' title='bbox 1771 1693 1845 1726; x_wconf 90' lang='lat' dir='ltr'>pre-</span> 
     </span>
     <span class='ocr_line' id='line_1_76' title="bbox 1099 1734 1848 1778; baseline 0.003 -11"><span class='ocrx_word' id='word_1_403' title='bbox 1099 1734 1200 1775; x_wconf 83' lang='lat' dir='ltr'>cibus,</span> <span class='ocrx_word' id='word_1_404' title='bbox 1216 1735 1329 1767; x_wconf 89' lang='lat' dir='ltr'>litteris</span> <span class='ocrx_word' id='word_1_405' title='bbox 1342 1736 1390 1767; x_wconf 90' lang='lat' dir='ltr'>vel</span> <span class='ocrx_word' id='word_1_406' title='bbox 1411 1735 1779 1778; x_wconf 83' lang='lat' dir='ltr'>favoribusprincipum</span> <span class='ocrx_word' id='word_1_407' title='bbox 1798 1736 1848 1769; x_wconf 87' lang='lat' dir='ltr'>vel</span> 
     </span>
     <span class='ocr_line' id='line_1_77' title="bbox 1099 1789 1846 1831; baseline 0.003 -11"><span class='ocrx_word' id='word_1_408' title='bbox 1099 1789 1317 1831; x_wconf 87' lang='lat' dir='ltr'>praelatorum</span> <span class='ocrx_word' id='word_1_409' title='bbox 1356 1794 1411 1821; x_wconf 86' lang='lat' dir='ltr'>aut</span> <span class='ocrx_word' id='word_1_410' title='bbox 1441 1789 1578 1822; x_wconf 90' lang='lat' dir='ltr'>aliorum</span> <span class='ocrx_word' id='word_1_411' title='bbox 1611 1794 1698 1821; x_wconf 85' lang='lat' dir='ltr'>extra</span> <span class='ocrx_word' id='word_1_412' title='bbox 1723 1790 1846 1823; x_wconf 87' lang='lat' dir='ltr'>dictum</span> 
     </span>
     <span class='ocr_line' id='line_1_78' title="bbox 1099 1841 1848 1884; baseline 0.003 -10"><span class='ocrx_word' id='word_1_413' title='bbox 1099 1842 1257 1884; x_wconf 78' lang='lat' dir='ltr'>gremium</span> <span class='ocrx_word' id='word_1_414' title='bbox 1282 1841 1481 1874; x_wconf 85' lang='lat' dir='ltr'>existentium</span> <span class='ocrx_word' id='word_1_415' title='bbox 1503 1842 1645 1882; x_wconf 89' lang='lat' dir='ltr'>adducti,</span> <span class='ocrx_word' id='word_1_416' title='bbox 1660 1842 1698 1874; x_wconf 90' lang='lat' dir='ltr'>ad</span> <span class='ocrx_word' id='word_1_417' title='bbox 1710 1842 1848 1876; x_wconf 88' lang='lat' dir='ltr'>cuiusvis</span> 
     </span>
     <span class='ocr_line' id='line_1_79' title="bbox 1099 1895 1845 1939; baseline 0 -10"><span class='ocrx_word' id='word_1_418' title='bbox 1099 1896 1225 1939; x_wconf 74' lang='lat' dir='ltr'>generis</span> <span class='ocrx_word' id='word_1_419' title='bbox 1258 1895 1469 1938; x_wconf 81' lang='lat' dir='ltr'>praelaturas,</span> <span class='ocrx_word' id='word_1_420' title='bbox 1502 1895 1683 1938; x_wconf 74' lang='lat' dir='ltr'>dignitates,</span> <span class='ocrx_word' id='word_1_421' title='bbox 1717 1896 1845 1937; x_wconf 84' lang='lat' dir='ltr'>officia,</span> 
     </span>
     <span class='ocr_line' id='line_1_80' title="bbox 1099 1948 1846 1991; baseline 0.001 -10"><span class='ocrx_word' id='word_1_422' title='bbox 1099 1949 1391 1982; x_wconf 85' lang='lat' dir='ltr'>administrationes</span> <span class='ocrx_word' id='word_1_423' title='bbox 1433 1953 1463 1981; x_wconf 89' lang='lat' dir='ltr'>et</span> <span class='ocrx_word' id='word_1_424' title='bbox 1500 1948 1616 1990; x_wconf 76' lang='lat' dir='ltr'>gradus</span> <span class='ocrx_word' id='word_1_425' title='bbox 1657 1959 1846 1991; x_wconf 87' lang='lat' dir='ltr'>promovere</span> 
     </span>
     <span class='ocr_line' id='line_1_81' title="bbox 1100 2001 1847 2046; baseline 0.003 -13"><span class='ocrx_word' id='word_1_426' title='bbox 1100 2006 1318 2046; x_wconf 75' lang='lat' dir='ltr'>praesumant,</span> <span class='ocrx_word' id='word_1_427' title='bbox 1338 2001 1448 2042; x_wconf 91' lang='lat' dir='ltr'>immo,</span> <span class='ocrx_word' id='word_1_428' title='bbox 1468 2001 1761 2044; x_wconf 86' lang='lat' dir='ltr'>promovendorum</span> <span class='ocrx_word' id='word_1_429' title='bbox 1781 2012 1847 2035; x_wconf 88' lang='lat' dir='ltr'>me-</span> 
     </span>
     <span class='ocr_line' id='line_1_82' title="bbox 1100 2054 1847 2098; baseline -0.001 -9"><span class='ocrx_word' id='word_1_430' title='bbox 1100 2056 1167 2089; x_wconf 89' lang='lat' dir='ltr'>ritis</span> <span class='ocrx_word' id='word_1_431' title='bbox 1192 2061 1222 2088; x_wconf 89' lang='lat' dir='ltr'>et.</span> <span class='ocrx_word' id='word_1_432' title='bbox 1241 2054 1411 2088; x_wconf 89' lang='lat' dir='ltr'>virtutibus</span> <span class='ocrx_word' id='word_1_433' title='bbox 1431 2060 1554 2087; x_wconf 87' lang='lat' dir='ltr'>tantum</span> <span class='ocrx_word' id='word_1_434' title='bbox 1575 2054 1736 2098; x_wconf 88' lang='lat' dir='ltr'>inspectis,</span> <span class='ocrx_word' id='word_1_435' title='bbox 1759 2055 1847 2098; x_wconf 85' lang='lat' dir='ltr'>quod</span> 
     </span>
     <span class='ocr_line' id='line_1_83' title="bbox 1099 2107 1846 2151; baseline -0.001 -9"><span class='ocrx_word' id='word_1_436' title='bbox 1099 2109 1154 2142; x_wconf 91' lang='lat' dir='ltr'>Dei</span> <span class='ocrx_word' id='word_1_437' title='bbox 1185 2120 1314 2141; x_wconf 87' lang='lat' dir='ltr'>causam</span> <span class='ocrx_word' id='word_1_438' title='bbox 1339 2112 1434 2150; x_wconf 80' lang='lat' dir='ltr'>agant</span> <span class='ocrx_word' id='word_1_439' title='bbox 1466 2117 1627 2140; x_wconf 86' lang='lat' dir='ltr'>memores</span> <span class='ocrx_word' id='word_1_440' title='bbox 1660 2107 1745 2148; x_wconf 89' lang='lat' dir='ltr'>sint,</span> <span class='ocrx_word' id='word_1_441' title='bbox 1781 2118 1846 2151; x_wconf 86' lang='lat' dir='ltr'>quo</span> 
     </span>
     <span class='ocr_line' id='line_1_84' title="bbox 1100 2160 1847 2207; baseline 0 -13"><span class='ocrx_word' id='word_1_442' title='bbox 1100 2162 1201 2205; x_wconf 77' lang='lat' dir='ltr'>magis</span> <span class='ocrx_word' id='word_1_443' title='bbox 1224 2172 1306 2207; x_wconf 90' lang='lat' dir='ltr'>puro</span> <span class='ocrx_word' id='word_1_444' title='bbox 1326 2168 1357 2193; x_wconf 84' lang='lat' dir='ltr'>ct</span> <span class='ocrx_word' id='word_1_445' title='bbox 1389 2160 1514 2193; x_wconf 85' lang='lat' dir='ltr'>sincero</span> <span class='ocrx_word' id='word_1_446' title='bbox 1535 2161 1641 2201; x_wconf 89' lang='lat' dir='ltr'>eorde,</span> <span class='ocrx_word' id='word_1_447' title='bbox 1661 2161 1750 2194; x_wconf 83' lang='lat' dir='ltr'>nulla</span> <span class='ocrx_word' id='word_1_448' title='bbox 1783 2161 1847 2205; x_wconf 79' lang='lat' dir='ltr'>pni-</span> 
     </span>
     <span class='ocr_line' id='line_1_85' title="bbox 1100 2213 1844 2255; baseline -0.001 -8"><span class='ocrx_word' id='word_1_449' title='bbox 1100 2220 1168 2247; x_wconf 85' lang='lat' dir='ltr'>vata</span> <span class='ocrx_word' id='word_1_450' title='bbox 1192 2220 1247 2247; x_wconf 80' lang='lat' dir='ltr'>aut</span> <span class='ocrx_word' id='word_1_451' title='bbox 1280 2213 1443 2247; x_wconf 88' lang='lat' dir='ltr'>mundana</span> <span class='ocrx_word' id='word_1_452' title='bbox 1474 2213 1642 2246; x_wconf 81' lang='lat' dir='ltr'>affectione</span> <span class='ocrx_word' id='word_1_453' title='bbox 1667 2213 1844 2255; x_wconf 85' lang='lat' dir='ltr'>commoti,</span> 
     </span>
     <span class='ocr_line' id='line_1_86' title="bbox 1100 2267 1846 2311; baseline -0.001 -11"><span class='ocrx_word' id='word_1_454' title='bbox 1100 2269 1131 2300; x_wconf 92' lang='lat' dir='ltr'>in</span> <span class='ocrx_word' id='word_1_455' title='bbox 1157 2268 1351 2301; x_wconf 64' lang='lat' dir='ltr'>electionum</span> <span class='ocrx_word' id='word_1_456' title='bbox 1371 2267 1506 2310; x_wconf 74' lang='lat' dir='ltr'>negocio</span> <span class='ocrx_word' id='word_1_457' title='bbox 1527 2267 1713 2311; x_wconf 85' lang='lat' dir='ltr'>procedant.</span> <span class='ocrx_word' id='word_1_458' title='bbox 1733 2267 1846 2301; x_wconf 87' lang='lat' dir='ltr'>Decer-</span> 
     </span>
     <span class='ocr_line' id='line_1_87' title="bbox 1100 2319 1844 2363; baseline -0.003 -10"><span class='ocrx_word' id='word_1_459' title='bbox 1100 2326 1211 2353; x_wconf 87' lang='lat' dir='ltr'>nentcs</span> <span class='ocrx_word' id='word_1_460' title='bbox 1235 2320 1408 2354; x_wconf 88' lang='lat' dir='ltr'>electiones</span> <span class='ocrx_word' id='word_1_461' title='bbox 1428 2324 1458 2352; x_wconf 84' lang='lat' dir='ltr'>et</span> <span class='ocrx_word' id='word_1_462' title='bbox 1482 2319 1700 2363; x_wconf 86' lang='lat' dir='ltr'>promotiones</span> <span class='ocrx_word' id='word_1_463' title='bbox 1719 2321 1758 2353; x_wconf 89' lang='lat' dir='ltr'>ad</span> <span class='ocrx_word' id='word_1_464' title='bbox 1777 2329 1844 2351; x_wconf 89' lang='lat' dir='ltr'>mo-</span> 
     </span>
     <span class='ocr_line' id='line_1_88' title="bbox 1100 2372 1846 2415; baseline -0.003 -8"><span class='ocrx_word' id='word_1_465' title='bbox 1100 2374 1237 2407; x_wconf 79' lang='lat' dir='ltr'>nasteria</span> <span class='ocrx_word' id='word_1_466' title='bbox 1254 2401 1261 2415; x_wconf 98' lang='lat'>,</span> <span class='ocrx_word' id='word_1_467' title='bbox 1298 2373 1342 2406; x_wconf 87' lang='lat' dir='ltr'>sic</span> <span class='ocrx_word' id='word_1_468' title='bbox 1361 2373 1475 2405; x_wconf 88' lang='lat' dir='ltr'>litteris</span> <span class='ocrx_word' id='word_1_469' title='bbox 1504 2379 1559 2405; x_wconf 88' lang='lat' dir='ltr'>aut</span> <span class='ocrx_word' id='word_1_470' title='bbox 1582 2373 1652 2405; x_wconf 85' lang='lat' dir='ltr'>aliis</span> <span class='ocrx_word' id='word_1_471' title='bbox 1685 2372 1846 2406; x_wconf 84' lang='lat' dir='ltr'>favoribus</span> 
     </span>
     <span class='ocr_line' id='line_1_89' title="bbox 1100 2421 1846 2466; baseline -0.001 -12"><span class='ocrx_word' id='word_1_472' title='bbox 1100 2423 1285 2466; x_wconf 85' lang='lat' dir='ltr'>principum</span> <span class='ocrx_word' id='word_1_473' title='bbox 1319 2427 1349 2454; x_wconf 89' lang='lat' dir='ltr'>et</span> <span class='ocrx_word' id='word_1_474' title='bbox 1377 2422 1596 2465; x_wconf 84' lang='lat' dir='ltr'>praelatorum</span> <span class='ocrx_word' id='word_1_475' title='bbox 1626 2422 1673 2454; x_wconf 85' lang='lat' dir='ltr'>vel</span> <span class='ocrx_word' id='word_1_476' title='bbox 1706 2421 1846 2453; x_wconf 87' lang='lat' dir='ltr'>aliorum</span> 
     </span>
     <span class='ocr_line' id='line_1_90' title="bbox 1101 2468 1846 2514; baseline 0 -12"><span class='ocrx_word' id='word_1_477' title='bbox 1101 2477 1187 2504; x_wconf 79' lang='lat' dir='ltr'>extra</span> <span class='ocrx_word' id='word_1_478' title='bbox 1220 2471 1391 2514; x_wconf 76' lang='lat' dir='ltr'>gremium,</span> <span class='ocrx_word' id='word_1_479' title='bbox 1429 2476 1463 2503; x_wconf 89' lang='lat' dir='ltr'>ut</span> <span class='ocrx_word' id='word_1_480' title='bbox 1486 2468 1690 2514; x_wconf 75' lang='lat' dir='ltr'>praesertt&#39;ir,</span> <span class='ocrx_word' id='word_1_481' title='bbox 1712 2469 1846 2503; x_wconf 80' lang='lat' dir='ltr'>existen-</span> 
     </span>
     <span class='ocr_line' id='line_1_91' title="bbox 1101 2518 1846 2562; baseline -0.001 -11"><span class='ocrx_word' id='word_1_482' title='bbox 1101 2520 1194 2560; x_wconf 90' lang='lat' dir='ltr'>tium,</span> <span class='ocrx_word' id='word_1_483' title='bbox 1220 2530 1397 2562; x_wconf 89' lang='lat' dir='ltr'>eorumque</span> <span class='ocrx_word' id='word_1_484' title='bbox 1424 2519 1573 2562; x_wconf 81' lang='lat' dir='ltr'>precibus</span> <span class='ocrx_word' id='word_1_485' title='bbox 1604 2524 1659 2552; x_wconf 84' lang='lat' dir='ltr'>aut</span> <span class='ocrx_word' id='word_1_486' title='bbox 1692 2518 1846 2562; x_wconf 84' lang='lat' dir='ltr'>pollicita-</span> 
     </span>
     <span class='ocr_line' id='line_1_92' title="bbox 1100 2567 1847 2605; baseline 0 -5"><span class='ocrx_word' id='word_1_487' title='bbox 1100 2568 1239 2600; x_wconf 85' lang='lat' dir='ltr'>tionibus</span> <span class='ocrx_word' id='word_1_488' title='bbox 1252 2567 1368 2600; x_wconf 89' lang='lat' dir='ltr'>iniuste</span> <span class='ocrx_word' id='word_1_489' title='bbox 1378 2579 1414 2600; x_wconf 90' lang='lat' dir='ltr'>ac</span> <span class='ocrx_word' id='word_1_490' title='bbox 1425 2568 1565 2601; x_wconf 88' lang='lat' dir='ltr'>indebite</span> <span class='ocrx_word' id='word_1_491' title='bbox 1578 2572 1726 2605; x_wconf 80' lang='lat' dir='ltr'>extortas,</span> <span class='ocrx_word' id='word_1_492' title='bbox 1741 2567 1847 2600; x_wconf 88' lang='lat' dir='ltr'>nullas</span> 
     </span>
     <span class='ocr_line' id='line_1_93' title="bbox 1101 2606 1846 2659; baseline 0.001 -11"><span class='ocrx_word' id='word_1_493' title='bbox 1101 2616 1315 2659; x_wconf 83' lang='lat' dir='ltr'>invalidasque</span> <span class='ocrx_word' id='word_1_494' title='bbox 1349 2606 1494 2658; x_wconf 81' lang='lat' dir='ltr'>esse,&#39;ct</span> <span class='ocrx_word' id='word_1_495' title='bbox 1525 2616 1675 2650; x_wconf 88' lang='lat' dir='ltr'>adversus</span> <span class='ocrx_word' id='word_1_496' title='bbox 1699 2626 1764 2657; x_wconf 85' lang='lat' dir='ltr'>eos,</span> <span class='ocrx_word' id='word_1_497' title='bbox 1790 2613 1846 2658; x_wconf 87' lang='lat' dir='ltr'>qui</span> 
     </span>
    </p>
   </div>
   <div class='ocr_carea' id='block_1_6' title="bbox 2031 0 2059 3228">
    <p class='ocr_par' dir='ltr' id='par_1_9' title="bbox 2031 0 2059 3228">
     <span class='ocr_line' id='line_1_94' title="bbox 2031 0 2059 3228; baseline 0 0"><span class='ocrx_word' id='word_1_498' title='bbox 2031 0 2059 3228; x_wconf 95' lang='lat' dir='ltr'> </span> 
     </span>
    </p>
   </div>
   <div class='ocr_carea' id='block_1_7' title="bbox 1865 248 2050 277">
    <p class='ocr_par' dir='ltr' id='par_1_10' title="bbox 1865 240 2051 277">
     <span class='ocr_line' id='line_1_95' title="bbox 1865 248 2050 277; baseline 0 -3"><span class='ocrx_word' id='word_1_499' title='bbox 1865 248 1912 276; x_wconf 73' lang='lat' dir='ltr'>An.</span> <span class='ocrx_word' id='word_1_500' title='bbox 1928 249 1957 277; x_wconf 78' lang='lat' dir='ltr'>e.</span> <span class='ocrx_word' id='word_1_501' title='bbox 1979 250 2050 277; x_wconf 70' lang='lat' dir='ltr'>tii-7</span> 
     </span>
    </p>
   </div>
   <div class='ocr_carea' id='block_1_8' title="bbox 1865 309 2049 367">
    <p class='ocr_par' dir='ltr' id='par_1_11' title="bbox 1865 309 2049 367">
     <span class='ocr_line' id='line_1_96' title="bbox 1865 309 2049 340; baseline 0.016 -10"><span class='ocrx_word' id='word_1_502' title='bbox 1865 309 1954 336; x_wconf 80' lang='lat' dir='ltr'>plicibus</span> <span class='ocrx_word' id='word_1_503' title='bbox 1976 313 2034 338; x_wconf 57' lang='lat' dir='ltr'>poen}</span> <span class='ocrx_word' id='word_1_504' title='bbox 2048 310 2049 340; x_wconf 55' lang='lat' dir='ltr'>i</span> 
     </span>
     <span class='ocr_line' id='line_1_97' title="bbox 1865 341 1960 367; baseline 0.021 -8"><span class='ocrx_word' id='word_1_505' title='bbox 1865 341 1960 367; x_wconf 60' lang='lat' dir='ltr'>imponite</span> 
     </span>
    </p>
   </div>
   <div class='ocr_carea' id='block_1_9' title="bbox 1859 1425 2051 1527">
    <p class='ocr_par' dir='ltr' id='par_1_12' title="bbox 1859 1425 2051 1527">
     <span class='ocr_line' id='line_1_98' title="bbox 1893 1425 2049 1454; baseline 0.013 -8"><span class='ocrx_word' id='word_1_506' title='bbox 1893 1425 2029 1448; x_wconf 78' lang='lat' dir='ltr'>Promottone</span> <span class='ocrx_word' id='word_1_507' title='bbox 2048 1451 2049 1454; x_wconf 14' lang='grc' dir='ltr'><strong>Ἴ</strong></span> 
     </span>
     <span class='ocr_line' id='line_1_99' title="bbox 1859 1458 2049 1480; baseline 0.011 -2"><span class='ocrx_word' id='word_1_508' title='bbox 1859 1459 1962 1480; x_wconf 71' lang='lat' dir='ltr'>canonice</span> <span class='ocrx_word' id='word_1_509' title='bbox 1996 1459 2031 1480; x_wconf 77' lang='lat' dir='ltr'>tle!</span> <span class='ocrx_word' id='word_1_510' title='bbox 2046 1458 2049 1475; x_wconf 80' lang='lat'><strong>¹</strong></span> 
     </span>
     <span class='ocr_line' id='line_1_100' title="bbox 1859 1475 2051 1527; baseline 0.005 -18"><span class='ocrx_word' id='word_1_511' title='bbox 1859 1489 1925 1516; x_wconf 62' lang='lat' dir='ltr'>iuben</span> <span class='ocrx_word' id='word_1_512' title='bbox 2047 1475 2051 1527; x_wconf 64' lang='lat' dir='ltr'>l</span> 
     </span>
    </p>
   </div>
  </div>
 </body>
</html>
