2059 3228
90 743 93 748 ’
107 771 110 785 3
149 749 212 772 huin·

59 1770 65 1788 ·.
94 1766 218 1802 3Jaisaneii

62 1801 72 1830 .-
85 1803 133 1825 ,¹³³¹
151 1803 217 1819 tom-

85 1828 150 1850 antio.

887 170 992 194 stxi't's
1011 171 1029 194 V
1049 171 1095 195 FP.

541 220 665 254 LXXIV.

227 303 262 336 S.
289 303 437 337 Severini
461 305 572 347 oppidi
601 305 637 337 in
663 306 835 348 provincia.
863 307 976 340 Piceni

271 357 310 390 in
333 357 497 390 civitatem
515 357 715 398 sublimatio,
742 361 866 402 eiusque
884 361 974 393 colle-

271 411 370 455 qiatoe
388 411 524 444 ecclesiae
550 412 588 443 in
612 411 831 445 cathedralem
855 417 883 446 ct
908 415 974 457 epi-

235 478 242 486 ·
270 464 427 508 scopalem
451 465 577 497 erectio.

296 552 394 582 Sixtus
412 552 565 588 episeopus.
582 559 678 581 servus
696 559 838 582 servorum
860 553 915 586 Dei,

371 605 406 634 acl
424 607 588 642 pei-petuam
601 606 644 635 rei
658 606 828 635 memoriam.

269 684 417 730 Superna
440 685 669 730 dispositione,
695 685 788 718 euius
823 686 975 719 inscruta-

224 737 284 772 hili
305 738 507 782 providentia
531 738 766 772 incrementum
797 740 975 783 suscipiunt

226 792 385 832 universa,
407 802 466 835 pro
491 792 793 836 SedisApostoticae
809 795 974 827 excellenti

227 844 484 890 praeeminentia,
497 845 631 889 dignum
647 846 844 880 arbitramur
860 847 891 879 in
906 847 975 880 irri-

226 908 293 943 guo
312 897 481 932 militantis
506 898 669 932 Ecclesiae.
694 910 772 942 agro
793 910 890 933 novas
911 901 977 944 epi-

226 953 372 999 scopales
397 951 545 987 sedeset
571 953 723 986 ecelesias
751 954 915 997 plantare,
941 961 974 987 ut

224 1018 284 1054 per
300 1007 489 1042 huiusmodi
509 1016 624 1040 novam
645 1007 890 1050 plantationem,
913 1007 977 1040 sin-

225 1061 378 1106 gulorum
389 1060 650 1095 christifidelium
665 1065 823 1101 augeatur
836 1060 974 1100 devotio,

225 1115 354 1150 divinus
363 1116 469 1149 cultus
483 1114 641 1153 effloreat,
656 1118 687 1145 et
699 1113 880 1146 animarum
893 1115 977 1147 salus

225 1170 455 1214 subsequatur,
469 1167 673 1211 humiliaque
686 1167 756 1200 loca
776 1167 977 1210 dignioribus

227 1228 259 1258 et
276 1222 546 1257 eminentioribus
567 1221 666 1254 titulis
685 1231 722 1253 ac
743 1219 910 1262 condignis
931 1221 977 1253 fa-

226 1277 358 1312 voribus
367 1276 583 1315 illustrentur,
594 1279 629 1307 ut
642 1274 876 1318 propagatione
889 1283 979 1306 noire

225 1329 318 1365 Sedis
335 1321 552 1372 honoratique
579 1327 737 1371 praesulis
757 1326 936 1360 assistentia
949 1332 979 1360 et

226 1383 396 1427 regimine,
418 1392 494 1416 cum
514 1381 700 1426 apostolicae
725 1380 891 1424 potestatis
910 1391 978 1413 am-

227 1437 386 1484 plitudine
399 1462 407 1478 ‚
433 1447 471 1469 ae
495 1435 670 1469 ortodoxae
687 1433 762 1467 fidei
782 1434 930 1477 prosectu
950 1438 980 1466 et

228 1489 436 1530 exaltatione,
456 1489 516 1533 ipsi
535 1487 758 1521 christifideles
771 1492 920 1520 aeternae
934 1488 978 1519 se-

227 1543 359 1578 licitatis
394 1542 594 1587 praemium,
617 1541 717 1574 nostri
756 1539 980 1584 Redemptoris

228 1596 457 1632 inaestimabili
477 1595 611 1629 caritate
633 1594 749 1634 media,
770 1594 894 1626 valeant
914 1593 982 1626 adi-

228 1651 325 1696 pisci.
446 1692 448 1697 ,

273 1704 290 1748 ἓ
308 1704 341 1738 1.
363 1703 459 1744 Sane,
481 1713 556 1736 cuin
568 1701 725 1746 oppidum
739 1699 770 1733 S.
785 1699 928 1733 Severini
948 1699 981 1732 in

229 1757 315 1801 Agro
334 1757 465 1796 Piceno,
487 1754 725 1788 Camerinensis
745 1752 913 1794 dioecesis,
934 1753 982 1785 in-

230 1816 280 1845 ter
298 1814 405 1844 cetera
432 1809 575 1854 partium
603 1808 732 1840 illarum
758 1806 877 1850 oppida
907 1805 982 1839 satis

230 1863 354 1906 insigne
381 1873 420 1895 ac
450 1861 650 1906 percelebre,
683 1870 824 1901 necnon,
851 1858 983 1892 benedi-

230 1923 324 1951 cente
342 1915 491 1956 Domino,
511 1915 728 1948 habitatorum
747 1924 783 1946 ac
800 1913 982 1946 incolarum

231 1969 440 2004 multitudine
470 1969 625 2001 refertum
651 1966 778 2006 existat,
808 1977 845 1999 ae
873 1966 983 1999 dilecti

231 2023 302 2064 filii,
325 2023 411 2055 illius
426 2021 616 2055 universitas
637 2026 668 2053 et
680 2020 841 2059 homines,
854 2030 918 2063 pro
930 2030 984 2052 eo-

231 2087 305 2110 rum
329 2086 367 2109 ac.
396 2074 509 2119 oppidi
539 2074 727 2107 huiusmodi
756 2083 883 2106 necnon
914 2073 983 2106 eius

233 2130 312 2164 cleri
331 2129 601 2173 singulorumque
619 2127 838 2160 habitatorum
851 2132 882 2159 et
896 2127 984 2159 iuco-

232 2184 339 2216 larum
364 2182 605 2226 praedictorum
632 2182 749 2214 decore
777 2185 807 2213 et
831 2180 984 2224 amplitu-

233 2235 321 2275 dine,
343 2245 381 2268 ac
400 2234 500 2268 divini
521 2235 629 2267 cultus
648 2234 848 2266 incremento
865 2239 895 2265 et
915 2233 984 2265 ani-

235 2298 363 2322 marum
382 2288 498 2328 salute,
529 2287 686 2330 oppidum
714 2287 818 2329 ipsum
849 2286 986 2318 civitatis

234 2340 366 2374 nomine
381 2346 411 2373 et
422 2339 614 2374 cathedralis
630 2339 784 2372 ecclesiae
799 2339 922 2372 honoro
933 2339 987 2371 de-

235 2393 342 2428 corari
362 2403 569 2436 summopere
599 2393 792 2432 desideren!;
824 2391 986 2434 iidemque

237 2447 428 2481 universitas
457 2452 490 2480 et
519 2446 686 2488 homines,
720 2456 777 2489 pro
814 2446 987 2478 saecularis

237 2501 426 2544 collegiatae
445 2500 600 2533 ecclesiae
621 2499 697 2533 dicti
725 2499 848 2543 oppidi,
871 2499 902 2531 in
924 2510 987 2542 qua

235 2565 301 2589 una
319 2547 468 2600 dignitas,
484 2565 568 2599 quae
580 2553 660 2588 inibi
678 2553 867 2598 principalis
887 2553 988 2597 digni-

1651 161 1716 195 805

1015 227 1060 255 tas
1080 222 1195 261 existit,
1231 225 1391 269 prioratus
1424 229 1620 268 nuncupata,
1643 233 1678 256 ac
1709 233 1763 256 sex

1015 276 1222 309 canonis-atus
1242 284 1270 310 et
1294 278 1426 311 totidem
1459 277 1661 322 praebendae
1695 277 1763 310 fore

1015 335 1205 369 noscuntur,
1238 331 1262 362 si
1296 331 1326 364 in
1356 323 1572 365 cathedralem
1594 329 1762 363 ecelesiam

1015 382 1204 423 erigeretur,
1228 394 1355 417 mensae
1377 385 1568 428 episcopalis
1586 384 1671 424 dote,
1689 383 1762 417 red-

1014 435 1280 478 dituiulanuuuui
1312 448 1366 470 seu
1394 449 1526 471 censum
1552 438 1640 471 mille
1656 442 1763 471 scuto-

1015 499 1086 521 rum
1119 496 1265 523 monetae
1300 491 1427 523 illarum
1459 491 1613 535 partium,
1650 491 1761 524 decem

1016 541 1099 574 iuliis
1118 553 1175 585 pro
1196 543 1340 585 quolibet
1360 550 1450 578 scuto
1464 544 1650 577 huiusmodi
1672 555 1762 577 coni-

1016 595 1142 638 putatis,
1157 607 1254 639 super
1271 597 1461 630 molendinis
1477 598 1618 630 eiusdem
1636 598 1759 641 oppidi.

1014 648 1051 680 ad
1066 648 1151 692 ipsos
1166 649 1405 683 universitatem
1418 656 1448 683 et
1460 651 1608 684 homines
1619 651 1761 694 legitime

1014 702 1245 745 spectantibus,
1267 703 1428 746 assignare
1444 704 1545 747 parati
1566 705 1640 737 sint:

1057 756 1072 798 ἓ
1093 755 1123 788 2.
1146 756 1219 795 Nos,
1250 757 1340 799 pium
1361 763 1391 790 et
1410 757 1550 791 salutaro
1571 759 1760 792 universita-

1015 809 1052 841 tis
1068 815 1095 841 et
1118 809 1286 842 hominum
1305 811 1504 854 propositum
1519 817 1547 843 et
1564 812 1760 846 desiderium

1014 862 1199 895 huiusmodi
1211 864 1350 896 volentes
1360 865 1509 908 amplecti
1520 865 1631 908 illique
1643 866 1760 904 favere,

1014 926 1050 947 ao
1068 916 1191 948 cultum
1213 916 1353 949 divinum
1385 928 1515 960 augere,
1543 924 1574 952 et
1602 920 1763 963 spirituali

1015 969 1752 1016 animarumprosectuihuiusmodi,quemexin

1015 1023 1052 1055 de
1068 1034 1236 1066 speramus
1249 1024 1432 1067 provenire,
1451 1025 1624 1058 salubriter
1635 1037 1766 1069 promo-

1014 1086 1086 1108 vere
1108 1075 1319 1116 intendentes,
1342 1077 1494 1120 ipsosque
1523 1078 1765 1113 universitatem

1015 1134 1044 1161 et
1066 1129 1213 1162 homiues
1232 1141 1268 1163 ae
1289 1141 1402 1164 eorum
1416 1131 1588 1174 singulosa
1601 1133 1766 1176 quibusvis

1016 1183 1372 1223 excommunicationis,
1386 1184 1606 1227 suspensionis
1619 1191 1650 1219 et
1669 1185 1768 1220 inter-

1016 1234 1093 1267 dicti
1105 1235 1238 1280 aliisque
1252 1237 1478 1271 ecelesiasticis
1493 1239 1675 1280 sententiis,
1693 1250 1767 1273 cen-

1017 1288 1099 1320 suris
1118 1294 1146 1321 et
1176 1289 1301 1332 poenis,
1332 1300 1350 1322 a
1378 1290 1449 1324 iure
1475 1292 1523 1323 vel
1557 1292 1596 1324 ab
1623 1293 1765 1333 homine,

1017 1341 1126 1384 quavis
1147 1342 1315 1375 occasione
1334 1344 1381 1376 vel
1403 1355 1498 1377 causa
1528 1345 1614 1386 latis,
1635 1346 1660 1378 si
1692 1347 1766 1390 qui-

1018 1396 1075 1427 bus
1104 1396 1350 1438 quomodolibet
1374 1397 1518 1430 innodati
1548 1399 1699 1440 existunt,
1726 1401 1765 1433 ad

1018 1447 1167 1481 effectum
1202 1450 1423 1492 praesentium
1457 1451 1621 1484 dumtaxat
1654 1463 1766 1486 conse-

1018 1502 1198 1544 quendum,
1220 1502 1336 1535 harum
1350 1503 1431 1536 serie
1445 1503 1648 1539 absolventes
1667 1512 1697 1538 et
1715 1506 1769 1538 ab·

1019 1555 1140 1587 solutos
1164 1555 1232 1588 fore
1253 1563 1430 1597 censentes,
1455 1563 1580 1590 matura
1600 1569 1698 1602 super
1718 1560 1766 1591 his

1019 1618 1092 1640 :zum
1113 1608 1265 1641 fratribus
1282 1609 1397 1642 nostris
1419 1610 1654 1644 deliberatione
1674 1623 1768 1656 prae-

1020 1662 1137 1703 habita,
1160 1673 1288 1696 necnon
1303 1663 1509 1697 universitate
1529 1670 1560 1698 et
1580 1666 1767 1699 hominibus

1019 1715 1170 1759 praefatis
1189 1716 1283 1749 nobis
1303 1727 1400 1761 super
1416 1717 1478 1750 hoc
1503 1718 1671 1752 humiliter
1695 1730 1769 1763 sup-

1020 1768 1224 1812 plicantibus,
1246 1769 1284 1801 de
1313 1770 1503 1802 eorumdem
1531 1771 1666 1803 fratrum
1690 1783 1767 1804 con-

1020 1822 1092 1855 silio
1108 1828 1138 1855 et
1153 1822 1348 1866 apostolicae
1368 1823 1535 1866 potestatis
1556 1824 1767 1868 plenitudine,

1020 1875 1059 1907 ad
1084 1875 1315 1919 omnipotentis
1338 1876 1393 1908 Dei
1414 1877 1541 1909 laudeni
1563 1883 1594 1910 et
1619 1877 1766 1920 gloriam,

1021 1940 1056 1961 ae
1076 1929 1323 1972 gloriosissimae
1344 1930 1413 1961 eius
1438 1930 1608 1963 Genitricis
1635 1931 1769 1973 Virginis

1021 1983 1135 2016 Mariae
1147 1983 1307 2026 totiusque
1319 1983 1429 2015 curiae
1441 1983 1587 2016 coelestis
1598 1984 1767 2023 honorem,

1021 2047 1057 2068 ac
1072 2036 1148 2069 tidei
1169 2036 1346 2069 catholicae
1366 2036 1603 2077 exaltationem,
1627 2043 1657 2070 et
1677 2037 1768 2070 habi—

1023 2095 1162 2122 tatorum
1183 2100 1219 2122 ae
1243 2089 1422 2122 incolarum
1443 2090 1687 2132 praedictorum
1703 2090 1771 2123 ani-

1023 2153 1149 2175 marum
1170 2143 1318 2183 salutem,
1333 2143 1490 2186 oppidum
1501 2143 1682 2187 praefatum
1696 2154 1769 2176 cum

1023 2196 1109 2229 illius
1128 2196 1283 2229 comitatu
1293 2202 1323 2229 et
1341 2196 1515 2237 territorio,
1527 2207 1654 2230 necnon
1666 2197 1770 2230 omni-

1022 2250 1082 2282 bus
1101 2255 1131 2282 et
1152 2249 1287 2292 singulis
1312 2250 1435 2288 castris,
1457 2249 1552 2290 villis,
1588 2250 1679 2291 loeis,
1707 2256 1772 2283 ter-

1025 2303 1131 2342 minis,
1170 2302 1379 2343 districtibus,
1414 2314 1450 2336 ac
1481 2304 1581 2344 clero,
1615 2305 1772 2347 personis,

1024 2352 1179 2392 eeclesiis,
1203 2351 1419 2393 monasteriis,
1441 2352 1649 2396 prioratibus,
1678 2363 1774 2396 prae--

1026 2401 1187 2446 posituris,
1204 2402 1476 2446 praepositatibus
1491 2407 1522 2434 et
1541 2402 1611 2434 aliis
1622 2402 1684 2445 piis
1695 2402 1775 2435 locis

1026 2464 1062 2486 ac
1087 2451 1252 2485 benefieiis
1272 2451 1510 2492 ecelesiasticis,
1536 2462 1609 2484 euin
1639 2462 1717 2484 cura
1743 2458 1775 2484 et

1027 2503 1093 2536 sine
1113 2512 1202 2543 cura,
1229 2502 1450 2535 saecularibus
1470 2507 1500 2534 et
1519 2501 1675 2535 Ordinam
1695 2511 1775 2544 quo-

1028 2562 1244 2596 rumcumque
1265 2551 1479 2596 regularibus,
1509 2562 1528 2584 a
1555 2549 1694 2584 dioecesi
1715 2549 1772 2581 Ca-

1775 175 1829 203 An.
1847 172 1875 200 C.
1896 170 1961 199 ¹580

1849 773 1902 800 Son.
1912 777 1957 800 „tio

1776 805 1825 826 dtcti
1892 819 1893 822 ,
1905 805 1955 831 (piat

1777 845 1788 857 a
1809 829 1902 857 mecei}
1920 836 1957 857 cv

1778 867 1904 890 mei-ineunt.
