2059 3228
128 266 180 292 An.
199 262 229 288 C.
248 264 317 292 1578

167 646 280 667 Mandatur
300 651 322 666 e-

133 679 171 693 xet
176 674 227 693 utio-

161 1983 281 2008 bereg-auo
287 1987 338 2003 oon-

146 2011 270 2031 trariomm.

373 260 436 294 ⁶220

329 329 361 358 et
383 324 579 363 auctoritate,
614 323 749 356 iudicari
786 328 815 358 et
851 323 981 357 diffiniri
1021 324 1075 356 de-

329 377 414 416 bere;
439 386 561 410 necnon
588 376 715 409 irritum
738 382 770 409 et
793 377 886 410 inane
901 404 908 417 ,
937 377 962 410 si
987 387 1077 410 secus

331 440 426 473 super
455 429 506 463 his
529 439 547 461 a
571 439 732 472 quoquam
749 456 757 469 ‚
796 430 906 473 quavis
939 430 1077 463 auctori-

331 486 406 522 tate,
428 481 566 514 scienter
589 483 634 514 vei
673 482 867 525 ignoranter,
907 482 1078 526 contigerit

332 535 490 568 attentari.

376 587 444 629 §7.
468 587 619 626 Quocirca
658 589 890 622 venerabilibus
929 589 1078 622 fratribus

332 640 570 684 archiepiscopo
593 641 834 683 Maguntunensi
863 647 893 674 et
932 642 1079 685 episcopo

333 693 527 737 Frisingensi
551 699 582 728 et
605 694 726 727 dilectis
751 694 824 727 filiis
841 695 968 728 decanis
985 694 1080 727 eccie-

334 747 398 780 siae
422 746 614 780 Coloniensis
630 752 661 779 et
685 747 789 780 Sancti
815 747 934 780 Servati
973 746 1080 789 oppidi

335 799 558 840 Traiectensis,
581 799 761 832 Leodiensis
796 799 958 839 dioecesis,
994 808 1083 830 man-

336 853 449 886 damus
472 858 627 896 quatenus
651 853 709 895 ipsi
734 853 780 885 vel
803 857 866 884 tres
888 852 936 884 vel
951 851 1013 883 duo
1030 855 1084 883 aut

336 916 420 939 unus
442 915 567 946 eorum,
588 916 645 948 per
668 915 699 938 se
723 905 771 938 vel
786 905 883 937 alium
915 914 971 937 seu
994 903 1082 942 alios,

336 963 517 1002 praesentes
540 958 660 991 litteras
683 963 712 991 et
727 958 759 990 in
772 958 817 991 eis
829 961 976 991 contenta
989 966 1084 1000 quae-

338 1023 484 1055 cumque,
508 1012 562 1044 ubi
586 1017 617 1045 et
642 1011 772 1055 quando
793 1021 872 1054 opus
910 1009 1016 1050 suerit,
1053 1013 1084 1041 et

339 1065 464 1108 quoties
486 1075 545 1108 pro
568 1071 657 1108 parte
681 1064 824 1107 magistri
859 1074 914 1096 seu
951 1063 1083 1095 fratrum

338 1112 573 1162 praedictorum
597 1117 712 1150 suerint
747 1116 902 1160 requisiti,
940 1115 1085 1149 solemni-

338 1177 388 1204 ter
411 1171 618 1214 publicantes,
643 1170 767 1214 illisque
790 1170 824 1203 in
848 1169 1029 1213 praemissis
1045 1168 1086 1201 ef-

341 1223 448 1256 ficacis
474 1223 666 1256 defensionis
703 1223 863 1267 praesidio
897 1222 1088 1262 assistentes,

340 1276 460 1310 faciant
482 1277 669 1309 auctoritate
706 1282 814 1309 nostra
849 1276 1036 1319 magistrum
1059 1279 1087 1308 et

342 1330 456 1364 fratres
479 1330 658 1373 praedictos
681 1329 865 1374 praemissis
888 1329 1036 1363 omnibus
1060 1333 1092 1362 et

343 1383 487 1425 singuiis,
513 1382 598 1415 iuxta
621 1383 836 1426 praesentium
862 1381 1090 1416 continentiam

343 1440 373 1468 et
399 1441 550 1475 tenorem,
574 1435 704 1479 pacifice
726 1435 787 1468 srui
812 1441 843 1469 et
866 1437 1014 1479 gaudere,
1027 1445 1091 1468 non

343 1488 561 1531 permittentes
585 1499 638 1522 eos
661 1490 796 1534 desuper
808 1500 825 1522 a
839 1500 998 1534 quoquam
1015 1500 1092 1533 quo—

344 1540 518 1573 modolibet
541 1541 681 1575 indebite
720 1542 892 1575 molestari.
930 1542 1092 1576 Contradi-

344 1598 446 1627 ctores
471 1595 625 1637 quoslibet
651 1601 681 1628 et
704 1597 835 1630 rebelles
858 1603 889 1630 et
911 1597 1092 1641 praemissis

344 1656 410 1679 non
435 1653 581 1690 parentes
605 1659 663 1691 per
685 1659 834 1682 censuras
859 1655 890 1682 et
912 1660 1028 1693 poenas
1043 1659 1092 1682 ec-

345 1700 535 1733 clesiasticas
559 1701 681 1744 aliaque
705 1707 883 1745 opportuna
906 1702 985 1734 iuris
1008 1707 1037 1734 et
1050 1702 1094 1734 sa-

347 1754 390 1787 cti
413 1755 563 1794 remedia,
587 1755 796 1798 appellatione
812 1755 994 1798 postposita,
1011 1761 1094 1786 com·

344 1807 512 1850 pescendO,
536 1807 679 1840 invocato
703 1809 799 1841 etiam
824 1808 862 1840 ad
886 1809 959 1849 hoc,
978 1807 1002 1840 si
1016 1818 1095 1851 opus

344 1859 450 1902 fuerit,
474 1860 591 1894 auxilio
616 1861 740 1893 brachii
766 1861 942 1894 saecularis.

388 1913 404 1957 ἓ
427 1913 458 1947 8.
481 1914 551 1947 Non
573 1914 772 1947 obstantibus
795 1915 893 1948 felicis
906 1914 1098 1948 recordatio-

347 1968 397 2001 nis
409 1966 561 2001 Boniraeii
573 1968 677 2011 Papae
690 1968 761 2007 Vttl,
775 1968 1026 2010 praedecessoris
1042 1977 1098 2001 no-

348 2020 415 2061 stri,
433 2021 474 2054 de
487 2031 560 2061 una,
573 2026 604 2053 et
618 2020 743 2053 concilii
758 2021 913 2063 generalis
926 2021 963 2053 de
977 2021 1098 2054 duabus

349 2074 461 2108 diaetis
479 2101 487 2115 ,
527 2073 699 2106 dummodo
736 2073 845 2116 vigore
884 2073 1098 2116 praesentium

350 2127 465 2171 aliquis
489 2127 528 2159 ad
566 2126 721 2159 iudicium
759 2126 840 2159 ultra
880 2132 943 2158 tres
982 2126 1100 2159 diaetas

350 2191 414 2214 non
431 2180 586 2220 trahatur,
611 2179 744 2222 aliisque
767 2178 1047 2211 constitutionibus
1071 2184 1098 2212 et

351 2232 605 2266 ordinationibus
629 2231 817 2275 apostolicis
844 2241 979 2272 necnon,
998 2232 1102 2274 quoad

351 2286 460 2320 omnia
484 2285 673 2329 supradicta,
699 2284 862 2328 quibusvis
876 2284 1014 2324 indultis,
1032 2295 1102 2327 gra-

352 2340 405 2372 tiis
429 2345 460 2372 et
483 2338 666 2381 privilegiis,
691 2337 948 2381 imperatoribus,
963 2337 1102 2380 regibus,

354 2393 554 2436 principibus
577 2397 607 2425 et
636 2391 706 2424 aliis
746 2390 908 2434 quibusvis
949 2391 1102 2433 personis,

355 2455 567 2487 quocumque,
590 2444 685 2477 etiam
715 2444 944 2484 cardinalatus,
985 2443 1104 2478 honore

356 2488 558 2541 fulgentibus,
583 2508 618 2530 ac
642 2497 894 2540 quibuscumque
918 2496 1105 2530 universita-

357 2550 495 2590 tibus,eti
500 2561 548 2582 am
564 2550 664 2584 Studii
678 2550 832 2594 generalis
841 2550 1041 2596 Lovan'iensis
1050 2560 1104 2583 seu

357 2603 560 2643 Coloniensi-s,
572 2608 599 2635 et
608 2603 746 2636 facultati
761 2603 877 2635 artium
887 2602 1026 2635 eiusdem
1035 2601 1104 2635 Stu-

359 2655 404 2688 dii
428 2655 627 2689 Lovaniensis
641 2656 687 2688 vel
705 2655 906 2698 magistratui
917 2654 1102 2696 Coloniensi,

907 271 1090 297 surranum
1111 260 1277 303 mummii:⁴
1294 262 1301 273 ‘

1104 334 1175 357 cum
1199 323 1372 367 quibusvis,
1395 323 1489 358 etiam
1505 324 1777 368 derogatoriarum
1793 325 1848 360 de·
1872 328 1874 332 ’

1105 377 1273 420 rogatoriis
1296 377 1427 420 aliisque
1449 377 1678 411 efficacioribus
1701 383 1729 411 et
1765 377 1853 412 inso-

1106 431 1181 472 litis,
1201 430 1357 470 clausulis,
1381 440 1417 462 ac
1441 429 1641 463 irritantibus
1665 429 1798 463 decretis
1814 430 1850 463 in

1106 484 1298 517 contrarium
1323 482 1568 526 quomodolibet,
1593 483 1688 515 etiam
1712 493 1749 514 ex
1773 492 1853 525 qua-

1107 547 1242 580 cumque
1267 535 1549 579 praegnantissima
1565 546 1668 575 causa,
1686 534 1851 576 concessis,

1106 589 1286 632 approbatis
1309 593 1338 621 et
1364 588 1530 621 innovatis.
1554 588 1674 627 Quibus
1704 588 1853 622 omnibus

1108 648 1138 675 et
1161 642 1309 685 singulis,
1330 641 1453 674 etiarnsi
1478 641 1516 674 de
1540 641 1600 674 illis
1611 651 1785 683 eorumque
1807 645 1855 673 to·

1110 695 1148 728 tis
1174 695 1338 728 tenoribus
1361 693 1514 737 specialis,
1538 693 1692 737 specifica,
1709 703 1855 737 expressa

1109 752 1137 780 et
1162 748 1335 788 individua,
1358 757 1422 780 non
1445 752 1551 780 autem
1566 757 1622 791 per
1637 747 1790 780 clausulas
1801 756 1859 789 ge-

1111 802 1232 834 nerales
1267 802 1349 834 idem
1389 800 1608 843 impet—tantos,
1643 798 1763 832 mentio
1799 808 1858 832 seu

1111 855 1238 899 quaevis
1262 855 1322 887 alia
1345 853 1504 898 expressio
1527 852 1673 885 habenda
1695 855 1797 894 esset,
1818 851 1859 885 il-

1112 911 1214 942 lorum
1238 914 1361 942 tenores
1384 905 1602 951 praesentibus
1625 914 1683 949 pro
1705 903 1863 949 expressis

1112 962 1273 1002 habentes,
1298 960 1358 993 iilis
1382 960 1459 992 alias
1483 959 1514 991 in
1539 968 1596 991 suo
1633 957 1748 990 robore
1784 965 1861 1000 per-

1113 1016 1278 1055 mansuris,
1303 1014 1362 1046 hac
1385 1012 1452 1045 vice
1477 1012 1657 1051 dumtaxat,
1681 1008 1859 1053 specialiter

1113 1072 1143 1100 et
1165 1076 1306 1110 expresse
1331 1065 1529 1108 derogamus,
1546 1063 1718 1106 ceterisque
1734 1066 1860 1106 contra-

1114 1121 1170 1153 riis
1215 1120 1475 1164 quibuscumque.
1516 1119 1576 1150 Aut
1614 1116 1639 1149 si
1678 1115 1859 1164 aliquibus,²

1115 1172 1326 1206 communiter
1349 1172 1395 1205 vel
1423 1170 1559 1211 divisim,
1597 1170 1637 1202 ab
1674 1169 1783 1202 eadem
1820 1169 1862 1202 sit

1117 1226 1193 1260 Sede
1216 1225 1371 1257 indultum
1395 1223 1480 1268 quod
1518 1221 1675 1258 interdici,
1715 1220 1863 1264 suspendi

1118 1280 1164 1312 vel
1189 1276 1456 1312 excommunicari
1469 1286 1531 1309 non
1544 1275 1664 1320 possint.
1675 1285 1732 1319 per
1744 1274 1864 1312 litteras

1118 1331 1304 1377 apostolicas
1326 1340 1390 1364 non
1428 1329 1575 1363 facientes
1612 1329 1736 1372 plenam
1758 1332 1790 1361 et
1812 1336 1864 1360 ex-

1119 1396 1258 1429 pressam
1272 1396 1308 1418 ac
1323 1385 1361 1418 de
1384 1383 1479 1417 verbo
1492 1382 1531 1416 ad
1542 1383 1673 1416 verbum
1686 1381 1724 1415 de
1739 1381 1862 1414 indulto

1120 1438 1300 1472 huiusmodi
1325 1437 1529 1470 mentionem.

1163 1491 1230 1536 gt).
1269 1491 1418 1523 Volumus
1456 1494 1562 1522 autem
1600 1487 1684 1531 quod
1716 1493 1865 1531 praesen·
1912 1479 1987 1516 ria..⁴

1867 256 1925 293 Aa.
1937 244 1994 306 ui]

1829 1528 1836 1536 .
1873 1523 2015 1557 mmm*

1120 1544 1199 1577 tium
1224 1542 1439 1585 transumptis,
1475 1552 1569 1574 manu
1607 1541 1738 1574 alicuius
1775 1545 1865 1574 nota-

1120 1596 1160 1629 rii
1185 1595 1303 1640 publici
1326 1594 1522 1638 subscriptis,
1552 1599 1581 1627 et
1605 1594 1706 1637 sigillo
1734 1593 1865 1627 alicuius

1120 1659 1273 1693 personae
1295 1648 1329 1681 in
1353 1648 1506 1691 dignitate
1529 1648 1737 1681 ecclesiastica
1751 1647 1866 1681 consti-

1121 1710 1206 1737 tutae
1232 1706 1289 1735 etc-

1165 1757 1276 1789 Datum
1302 1756 1416 1787 Romae
1441 1754 1524 1796 apud
1563 1753 1591 1786 S.
1627 1754 1772 1794 Petrum,
1809 1751 1867 1786 sub

1123 1801 1239 1833 annulo
1264 1798 1441 1838 piscatoris,
1464 1798 1514 1830 die
1538 1808 1573 1830 111
1598 1797 1683 1838 maii,
1700 1796 1871 1830 millesimo

1124 1843 1377 1888 quingentesimo
1400 1842 1630 1884 septuagesimo
1653 1847 1771 1881 octavo,
1788 1850 1868 1884 pon-

1125 1888 1260 1921 tificatus
1284 1886 1382 1920 nostri
1405 1896 1488 1918 anno
1511 1891 1607 1918 sexto.

1167 1933 1234 1966 Dat.
1257 1931 1308 1965 die
1332 1931 1352 1965 3
1375 1929 1450 1962 maii
1476 1928 1573 1970 1578,
1594 1929 1705 1972 pontis.
1723 1939 1807 1962 anno
1823 1938 1868 1962 vt.

1422 2019 1572 2053 LXXXIV.

1127 2085 1295 2119 Innozvatio
1313 2093 1490 2127 poenarum
1506 2081 1543 2113 ab
1559 2080 1727 2113 Hadriano
1749 2077 1871 2121 lero-

1166 2129 1343 2172 positarum
1367 2129 1474 2159 contra
1508 2127 1692 2157 mercatores
1728 2131 1872 2155 exercen-

1171 2177 1214 2206 tes
1237 2171 1412 2213 mmzefflolia
1425 2171 1659 2211 frumentatum
1683 2171 1709 2199 et
1734 2167 1873 2199 aliorum

1172 2217 1214 2250 ad
1236 2217 1353 2248 vietum
1378 2214 1624 2246 necessariorum
1646 2212 1683 2244 in
1703 2211 1809 2251 regmis
1829 2209 1874 2255 Α·

1172 2260 1332 2303 myoniae,
1356 2262 1385 2290 et
1406 2257 1541 2289 exten-sto
1565 2256 1607 2289 ad
1629 2255 1778 2298 facientes
1800 2263 1872 2286 con-

1173 2308 1290 2337 tractus
1313 2302 1536 2347 quictumentos
1570 2302 1776 2341 nuncupatos,
1799 2307 1873 2346 cun}

1169 2347 1380 2391 prohibitione
1403 2345 1546 2385 notoriis,
1574 2343 1631 2376 snb
1663 2353 1765 2385 poena
1786 2342 1872 2384 sal-st,

1174 2403 1213 2424 ne
1236 2391 1364 2434 aliquod
1387 2390 1632 2422 instrumentum
1670 2396 1763 2430 super
1779 2395 1873 2428 prae-

1174 2436 1278 2469 missis
1301 2434 1484 2476 conficiant„
1504 2435 1514 2451 ¹

1132 2501 1271 2536 Gregorius
1292 2500 1362 2535 Papa
1382 2499 1442 2531 xttt,
1465 2498 1496 2525 ad
1518 2497 1630 2524 futuram
1653 2495 1694 2524 rei*
1720 2495 1876 2524 mamertum.

1175 2557 1189 2600 5
1212 2556 1241 2589 t.
1266 2555 1486 2597 Quaecumque
1503 2552 1639 2596 improbi
1663 2556 1810 2595 quaestus
1822 2562 1875 2585 eu-

1132 2609 1263 2654 piditate
1286 2608 1326 2641 ab
1354 2606 1537 2651 hominibus
1578 2604 1754 2646 adinventa,
1793 2614 1873 2648 quae

1168 2667 1176 2683 ¹
1196 2663 1239 2689 Ex
1257 2661 1368 2696 Regest.
1386 2660 1414 2686 in
1433 2660 1534 2686 Secret.
1551 2657 1688 2685 Brevium.

1909 2565 1967 2589 Facu
1993 2564 2008 2594 ,ἶ
