2059 3228
381 251 465 286 1038
958 259 1104 285 Burmann
1128 258 1246 284 nomm

423 311 566 345 tionibus
585 317 615 344 et
637 310 853 352 facultatibus,
867 307 933 345 995
947 311 975 344 b.
996 311 1031 344 ln
1044 311 1255 345 cardinalium
1275 303 1482 355 promotione
1491 310 1648 346 beneficia
1661 313 1768 347 omnia
1780 324 1863 358 quae

421 364 460 397 ab
498 364 544 396 eis
576 364 804 397 obtinebantur
833 369 967 405 vacent,
995 363 1082 398 1023
1110 364 1149 404 b‚·
1182 363 1384 407 retentioque
1415 374 1568 397 concessa
1597 365 1793 409 intelligatur
1824 368 1862 400 de

419 416 587 450 beneficiis
623 427 688 449 non
725 417 964 460 requirentibus
997 416 1203 450 residentiam
1238 417 1310 449 loco
1341 416 1447 450 dictae
1477 416 1622 460 dignitati
1639 422 1718 450 ‘non
1748 430 1862 452 eonve-

422 469 522 502 nienti
535 469 614 502 ibid.

334 522 525 555 Carmelitae
549 527 615 554 tam
635 521 748 555 fratres
767 531 864 565 quam
885 532 1012 555 sorores
1031 529 1166 565 possunt
1184 521 1326 555 alienare
1346 521 1431 555 bona
1450 522 1579 555 stabilia
1598 533 1657 566 pro
1678 523 1864 558 necessitate

420 575 467 608 vel
488 575 627 608 utilitate
649 575 935 615 monasteriorum,
959 574 1023 608 135
1047 575 1063 606 b
1084 579 1114 607 et
1138 585 1200 618 seq.
1212 586 1225 614 ,·
1249 575 1413 617 quomodo
1433 574 1598 618 probanda
1618 575 1659 608 sit
1677 575 1797 609 utilitas
1815 578 1864 610 vel

422 628 608 668 necessitas,
629 627 694 661 136
707 628 738 668 b‚·
758 628 942 662 discalceati
963 628 1077 660 fratres
1096 639 1133 661 ac
1153 628 1311 661 moniales
1330 627 1559 672 Hispaniarum
1580 628 1863 671 congregationem

421 680 634 721 constituunt,
665 680 729 714 352
753 691 788 720 a‚·
815 680 942 714 Ordinis
963 686 1070 713 tamen
1090 680 1192 724 priori
1217 681 1360 723 generali
1381 680 1610 720 subiiciuntur,
1630 681 1723 714 cuius
1748 691 1866 714 munus

422 733 629 771 describitur,
656 733 721 766 353
735 745 770 772 α;
791 733 919 767 Ordinis
943 733 1116 777 privilegiis
1131 733 1282 776 gaudent,
1304 733 1381 766 ibid.
1404 733 1436 773 b;
1456 733 1495 766 ad
1514 733 1775 766 Cartusianorum
1795 739 1865 767 tan-

423 793 491 820 tum
512 786 663 820 Ordinem
684 786 821 819 transire
841 791 987 830 possunt,
1006 786 1084 819 ibid.
1102 786 1254 818 officiales
1271 785 1488 829 mitigatbrum
1506 796 1571 818 non
1592 787 1763 819 molestent
1781 786 1868 829 ipsos

424 839 647 878 discalceatos,
675 837 740 872 354
766 849 801 878 a,·
831 838 1013 871 discalceati
1040 843 1176 881 possunt
1198 847 1368 871 recurrere
1387 837 1427 870 ad
1448 837 1562 871 Scdem
1582 838 1798 881 Apostolieam
1817 839 1867 871 vel

422 891 552 925 Ordinis
563 896 794 935 protectorem,
806 891 885 924 ibid.
908 891 1075 924 facultates
1094 890 1247 934 mitigatis
1266 900 1435 923 concessae
1449 890 1598 923 visitandi
1618 895 1650 923 et
1667 890 1867 933 gubernandi

423 944 630 984 discalceatos
650 950 854 984 revocantur,
876 944 954 976 ibid.

334 997 580 1030 Carmelitarum
607 997 871 1030 discalceatorum
908 996 1116 1038 congregatio
1148 995 1271 1028 noviter
1296 996 1329 1028 in
1356 995 1523 1040 provincia
1548 996 1775 1039 Hispaniarum
1801 996 1866 1029 eri-

427 1051 513 1093 gitur
539 1061 557 1084 a
581 1050 667 1084 Sixto
692 1050 726 1090 V,
753 1048 813 1083 871
837 1050 854 1081 b
874 1055 902 1082 et
924 1060 1005 1092 ειη.)
1033 1054 1063 1082 et
1090 1048 1191 1092 priori
1210 1048 1352 1091 generali
1376 1047 1504 1081 Ordinis
1522 1048 1704 1088 subiicitur,
1736 1048 1799 1082 872
1823 1060 1867 1089 a;

426 1104 479 1137 cui
500 1103 691 1147 prohibetur
710 1109 905 1146 quemquam
927 1102 1062 1141 extrahi,
1084 1107 1139 1134 aut
1156 1101 1272 1135 mutari
1293 1106 1380 1134 extra
1399 1101 1596 1134 monasteria
1607 1102 1657 1134 vel
1677 1101 1791 1135 domos
1805 1102 1867 1135 nisi

427 1156 617 1189 auctoritate
637 1155 772 1198 capituli
794 1154 1000 1198 provincialis
1015 1180 1023 1193 ,
1046 1155 1145 1194 ibict.,·
1165 1154 1268 1187 auctis
1287 1153 1451 1198 provincia
1481 1159 1512 1186 et
1540 1153 1690 1187 domibus
1720 1160 1758 1187 ut
1780 1165 1868 1187 unus

423 1209 528 1252 impar
540 1208 582 1241 sit
600 1208 640 1241 ad
660 1207 818 1250 regimen,
836 1207 1013 1250 capitulum
1033 1207 1185 1250 generale
1211 1215 1355 1249 congruo
1375 1212 1520 1250 tempore
1540 1206 1611 1249 cogi
1631 1207 1761 1240 mandat
1779 1207 1864 1240 Pon-

423 1260 511 1300 tifex,
532 1260 611 1293 ibz'd.
631 1260 667 1298 b;
687 1259 719 1292 in
744 1269 847 1303 eoque
875 1259 1029 1291 vicarium
1060 1259 1243 1302 generalem
1266 1258 1437 1301 erigendae
1460 1259 1719 1301 congiegationis
1731 1259 1865 1292 fratrum

424 1313 693 1346 discalceatorum
714 1312 801 1355 eligi,
828 1311 893 1345 873
921 1323 963 1348 α,·
983 1311 1038 1355 qui
1054 1312 1150 1344 talem
1171 1311 1370 1353 provinciam
1391 1311 1423 1344 in
1445 1312 1553 1355 plures
1570 1310 1687 1344 dividat
1706 1322 1867 1355 novasque

424 1367 607 1410 provincias
627 1365 729 1408 erigat
752 1364 838 1397 iuxta
858 1364 1128 1397 monasteriorum
1149 1370 1179 1397 et
1199 1365 1346 1397 locorum
1368 1363 1572 1407 exigentiam,
1590 1364 1688 1404 ibid.;
1713 1365 1791 1397 tales
1810 1375 1867 1397 au-

425 1426 488 1451 tem
510 1418 690 1462 provincias
719 1418 752 1450 in
782 1417 1063 1460 congregationem
1089 1417 1183 1460 erigit
1203 1417 1354 1460 pontifex,
1375 1423 1470 1460 atque
1487 1416 1605 1450 vicario
1635 1417 1778 1459 generali
1798 1427 1868 1450 eam

425 1482 522 1516 super
546 1471 616 1504 illas
643 1470 790 1504 concedit
818 1470 1085 1509 iurisdictionem,
1107 1480 1204 1512 quam
1224 1469 1321 1502 habet
1348 1469 1439 1513 prior
1458 1469 1617 1512 generalis
1636 1480 1734 1513 supra
1765 1475 1869 1503 totum

424 1524 589 1565 Ordinem,
614 1524 717 1563 ibid.;
739 1524 880 1557 officium
901 1523 1011 1555 vicarii
1044 1523 1214 1556 sexennale
1233 1522 1285 1562 sit,
1312 1522 1456 1566 priorum
1474 1533 1549 1555 vero
1581 1522 1756 1563 triennale,
1773 1533 1870 1556 nemo

424 1584 532 1611 autem
552 1578 669 1610 iterum
691 1576 764 1619 eligi
783 1582 888 1620 potest
907 1576 967 1608 nisi
988 1581 1060 1619 post
1073 1575 1161 1608 aliud
1185 1575 1373 1608 sexennium
1399 1582 1429 1608 ct
1450 1575 1642 1615 triennium,
1660 1575 1737 1608 ibid..
1748 1587 1760 1616 ,·
1784 1575 1871 1619 capi—

426 1631 495 1663 tula
513 1630 677 1672 generalia
705 1629 834 1672 quando
855 1634 885 1661 ct
909 1639 926 1661 a
950 1628 1067 1671 quibus
1091 1628 1155 1660 sint
1179 1627 1382 1667 celebranda,
1410 1627 1474 1660 874
1494 1639 1535 1663 u:
1554 1627 1694 1661 vicarius
1711 1628 1873 1671 generalis

426 1682 523 1715 officii
546 1681 596 1715 sui
613 1681 779 1715 ordinaria
797 1681 903 1714 statim
925 1686 1063 1720 exercet,
1086 1679 1234 1723 graviora
1252 1690 1328 1712 vero
1348 1685 1418 1723 post
1442 1685 1607 1724 acceptam
1628 1690 1646 1713 a
1665 1679 1776 1723 priore
1795 1690 1872 1713 con-

426 1734 657 1774 firmationem,
678 1734 754 1766 ibid.
765 1745 778 1773 ‚·
798 1733 926 1776 quando
943 1733 1136 1766 celebranda
1155 1732 1295 1776 capitula
1312 1732 1538 1777 provincialia,
1552 1733 1631 1766 ibid.
1644 1744 1656 1773 ,⁴
1672 1732 1780 1776 priore
1792 1743 1870 1777 pro-

424 1787 552 1821 vinciali
571 1788 619 1821 vel
639 1778 754 1821 domus
773 1787 948 1820 decedente
964 1792 1037 1819 ante
1051 1785 1229 1830 capitulum
1241 1786 1400 1827 generale,
1413 1785 1550 1818 vicarius
1565 1785 1724 1828 generalis
1739 1786 1778 1819 de
1792 1795 1870 1819 con-

425 1841 498 1874 silio
530 1840 738 1873 definitorum
770 1844 826 1873 etc.
849 1840 948 1872 alium
971 1839 1147 1881 subrogare
1167 1839 1262 1871 debet
1288 1838 1364 1871 ibid.
1385 1839 1421 1877 b,-
1443 1843 1568 1871 mortuo
1588 1837 1708 1871 vicario
1727 1838 1871 1881 generali

426 1900 501 1927 ante
521 1893 708 1926 sexennium
730 1892 873 1925 succedit
893 1891 1016 1934 primus
1035 1891 1199 1930 definitor,
1221 1891 1317 1931 ibid.,·
1333 1890 1441 1923 vicarii
1456 1891 1623 1933 generales
1642 1898 1775 1934 possunt
1789 1901 1869 1924 con-

424 1947 500 1979 dere
521 1951 637 1979 statuta
664 1955 722 1988 pro
749 1945 836 1977 bono
858 1943 1116 1987 congregationis
1136 1943 1305 1986 regimine,
1332 1953 1430 1976 novos
1450 1948 1624 1976 conventus
1644 1943 1781 1989 erigere,
1810 1948 1868 1977 ccc.

427 1999 564 2037 iln'd‹·m,·
583 1997 700 2042 prioris
725 1997 929 2040 provincialis
948 2002 979 2029 ct
1001 1996 1161 2040 generalis
1180 1996 1364 2036 auctoritas,
1387 1996 1462 2034 875,
1484 2007 1504 2028 a
1529 2002 1559 2028 et
1582 1997 1726 2040 sequenti
1733 2008 1746 2037 ,-
1764 1996 1870 2030 visita-

425 2051 469 2084 tio
489 2050 760 2084 monasteriorum
782 2061 840 2093 per
860 2049 1000 2093 priorem
1026 2049 1210 2092 generalem
1232 2049 1286 2081 fiat
1306 2049 1432 2092 praevia
1453 2048 1714 2088 denunciatione,
1736 2043 1815 2082 ibid.

336 2106 468 2138 Carolus
488 2105 660 2139 cardinalis
683 2110 714 2137 et
729 2104 862 2137 Carolus
881 2103 1119 2146 Lofflaringiae,
1146 2107 1203 2135 etc.
1230 2103 1264 2135 V.
1288 2102 1396 2135 Pontis
1415 2102 1583 2136 Monsonii.

337 2158 533 2191 cassinensis
558 2156 815 2200 congregationis
834 2156 866 2189 S.
889 2156 1028 2189 Iustinae
1048 2156 1087 2188 de
1104 2156 1211 2188 Padua
1230 2155 1357 2188 Ordinis
1370 2155 1477 2188 Sancti
1497 2155 1662 2188 Benedicti
1687 2154 1872 2188 definitores

426 2210 519 2243 electi
535 2210 568 2242 in
587 2210 729 2252 generali
750 2209 890 2252 capitulo
910 2209 997 2242 iuxta
1021 2209 1150 2241 decreta
1166 2207 1302 2250 Eugenii
1324 2208 1371 2242 tv.
1394 2214 1528 2252 possunt
1552 2208 1683 2241 abbates
1702 2207 1820 2251 eligere
1841 2213 1873 2240 et

424 2262 611 2300 destituere,
633 2262 675 2296 66
696 2263 712 2294 b
724 2274 733 2300 ,·
758 2262 884 2295 etiamsi
904 2260 1051 2294 abbatiae
1070 2266 1184 2294 vacent
1203 2261 1289 2304 apud
1307 2260 1420 2293 Scdem
1442 2260 1670 2304 Apostolicam‚
1689 2259 1731 2293 67
1750 2271 1785 2299 a;
1801 2270 1871 2294 mo-

424 2315 536 2347 nachis
560 2315 743 2348 obedientia
773 2325 847 2357 erga
879 2313 1062 2357 superiores
1087 2312 1287 2356 iniungitur,
1317 2313 1413 2353 ibid.;
1442 2312 1560 2346 iudicia
1594 2323 1668 2346 vero
1699 2313 1731 2345 in
1757 2323 1871 2345 mona-

425 2368 504 2400 chos
529 2367 685 2400 movenda
710 2367 788 2400 fiant
812 2366 987 2399 summarie
1013 2371 1044 2398 et
1072 2371 1194 2398 remota
1219 2365 1450 2409 appellatione,
1477 2364 1518 2399 68
1542 2377 1581 2403 a‚·
1600 2365 1799 2409 appellantes
1819 2375 1871 2397 eo-

425 2430 565 2463 rumque
596 2421 797 2452 consultores
818 2419 929 2462 pocnis
950 2424 1157 2457 coercentur,
1179 2418 1283 2457 ibicl.,·
1303 2418 1479 2451 ambientes
1499 2428 1677 2460 corumque
1698 2417 1873 2461 complices

421 2471 990 2515 perpetuainhabilitatepuniuntur,
1006 2470 1085 2503 idid.
1113 2471 1150 2509 b;
1172 2470 1393 2514 promotiones
1413 2480 1477 2503 uon
1498 2469 1674 2503 canonicae
1697 2469 1872 2503 irritandae

428 2529 458 2556 et
478 2530 588 2556 contra
607 2530 810 2567 promotores
825 2523 1079 2567 procedendum,
1102 2523 1196 2562 ibide,
1218 2523 1362 2556 eiusdem
1379 2522 1636 2565 congregationis
1649 2527 1763 2555 statuta
1777 2527 1808 2554 et
1821 2531 1871 2553 or-

428 2576 611 2609 dinationes
632 2577 718 2610 vii-ca
738 2577 880 2610 officium
908 2575 1129 2614 definitorum,
1154 2580 1210 2608 cle.
1234 2574 1298 2609 <165
1318 2587 1338 2608 α
1358 2582 1385 2608 ct
1409 2586 1486 2618 seq.;
1509 2575 1626 2608 daznna
1651 2572 1869 2618 perpetuitatis

428 2629 607 2661 otlicioruun
635 2635 851 2672 exponuntur,
884 2628 942 2661 164³,
962 2640 1003 2669 a;
1035 2629 1230 2672 perpetuitas
1255 2627 1350 2663 officii
1383 2627 1560 2661 definitoris
1591 2627 1713 2661 tollitur
1737 2631 1765 2658 et
1785 2634 1869 2658 unus
