2059 3228
870 206 972 230 stx'rl's
991 206 1010 228 V
1030 206 1078 229 ΡΡ.

213 262 245 292 ct
267 258 400 297 sinaiilis
426 259 470 291 rol
494 258 620 291 illorum
651 259 832 297 occasione,
862 259 959 291 etiam

211 320 271 355 per
279 310 357 343 alias
370 311 593 344 Universitates
608 312 787 355 praedictas
802 312 849 345 vel
862 321 959 355 quos-

212 373 352 407 cumqne
389 364 480 405 alios,
509 364 620 408 quavis
649 364 851 404 auctoritate,
881 374 961 407 quo-

211 416 387 450 modolibet
407 417 582 457 molestari,
606 417 800 461 perturbari,
832 417 958 461 inquie-

210 469 272 503 tari
290 470 340 503 vel
365 469 514 514 impediri
546 481 749 514 nequaquam
782 481 886 513 posse,
923 481 959 502 ac

211 522 307 556 etiam
336 523 600 556 communitatem
631 529 661 556 et
685 523 832 556 homines
864 534 958 566 prae-

210 576 291 610 fatos
309 581 366 609 aut
381 587 604 620 quoscumque
625 575 704 609 alios
727 576 766 608 ad
793 575 958 619 probatio-

209 639 284 663 nem
304 639 361 662 seu
380 629 630 662 verificationem
656 629 836 661 litterarum
862 628 957 661 Boni-

209 681 283 716 facii
302 688 334 715 et
343 681 462 716 Callisti
474 682 757 725 praedecessorum
771 681 956 714 huiusmodi

209 734 299 769 acin
324 734 369 768 eis
388 740 419 768 et.
451 735 547 768 etiam
581 734 701 767 eisdem
735 734 958 777 praesentibus

208 787 325 821 litteris
355 794 558 821 narratorum
589 788 773 819 nullatenus
802 797 956 830 umquam

209 841 324 882 teneri,
345 851 406 875 nec
425 841 463 874 ad
485 841 515 873 iil
535 840 567 873 in
584 840 703 873 iudicio
718 840 766 873 vel
783 845 871 873 extra
887 840 957 883 cogi

207 905 266 929 seu
282 895 432 939 compelli
443 904 536 938 posse
546 905 553 931 ;
565 899 595 927 et
607 893 820 926 nihilominus
828 894 955 927 easdem

207 948 329 982 litteras
345 954 377 982 et
395 947 429 980 in
444 947 488 981 eis
504 952 653 980 contenta
670 946 857 980 huiusmodi
879 957 959 980 sem-

207 1012 268 1046 per
285 1002 401 1041 valere,
421 1012 457 1034 ac
477 1001 595 1034 eisdem
617 1000 820 1034 Universitati
845 1005 875 1032 et
899 1000 957 1033 ho-

208 1055 351 1088 minibus
374 1055 554 1097 suffragari,
578 1054 688 1098 sieque
710 1054 742 1086 in
774 1052 959 1097 praemissis

208 1109 248 1142 ab
272 1109 424 1142 omnihus
445 1109 583 1141 censeri.

251 1162 340 1206 511.
362 1163 406 1196 Ac
429 1162 472 1195 ita
501 1173 558 1206 per
586 1171 808 1205 quoscumque
838 1160 958 1193 indices

185 1221 240 1250 -et
258 1215 508 1256 commissarios,
534 1215 645 1258 quavis
670 1214 859 1248 auctoritate
884 1214 957 1246 fun-

208 1274 329 1313 gentes,
346 1269 442 1303 etiam
457 1280 628 1303 causarum
644 1268 758 1301 Palatii
783 1266 957 1311 Apostolici

155 1345 158 1347 Δ
209 1322 386 1363 auditores,
425 1333 605 1365 eorumque
636 1323 891 1354 locumtenentes
922 1330 958 1353 ac

209 1380 337 1409 sanctae
369 1376 531 1409 Romanae
569 1375 731 1409 Ecclesiae
765 1374 956 1414 cardinales,

209 1428 305 1462 etiam
325 1429 364 1462 de
383 1429 482 1463 latere
502 1430 634 1473 legatos,
657 1429 781 1461 sublata
797 1428 841 1461 eis
858 1432 888 1460 et
903 1438 958 1460 eo-

210 1492 283 1516 rum
308 1482 439 1516 cuilibet
464 1483 576 1527 quavis
605 1483 699 1515 aliter
729 1481 894 1514 iudicandi
928 1487 959 1513 et

210 1535 441 1580 interpretandi
483 1536 634 1569 facultate
677 1541 707 1568 et
749 1535 956 1575 auctoritate,

210 1588 347 1622 iudicari
368 1594 398 1622 et
417 1589 545 1623 definiri
566 1590 700 1628 debere;
723 1600 759 1621 ac
781 1588 908 1621 irritum
930 1593 960 1620 et

211 1642 320 1683 inane,
333 1643 358 1675 si
369 1653 461 1676 secus
481 1654 580 1686 super
596 1643 645 1675 his
656 1654 673 1675 a
685 1653 862 1685 quoquam,
878 1652 958 1685 qua-

210 1695 257 1728 vis
280 1696 482 1737 auctoritate,
516 1696 656 1729 scienter
691 1696 740 1728 vel
760 1695 957 1738 ignoranter,

211 1748 382 1793 contigerit
400 1750 561 1783 attentari.

255 1803 271 1846 ἓ
305 1802 359 1836 12.
388 1803 457 1836 Non
478 1803 678 1836 obstantibus
701 1802 885 1846 praemissis
919 1808 959 1842 et,

190 1861 372 1900 ,quatenus
391 1867 472 1901 opus
496 1857 547 1897 sit,
574 1863 683 1889 nostra
703 1857 742 1889 de
762 1856 832 1888 iure
860 1867 958 1899 quae-

211 1910 272 1943 sito
292 1921 357 1944 non
381 1911 535 1950 tollendo,
563 1921 600 1943 ac
625 1910 695 1942 aliis
719 1910 906 1953 apostolicis
930 1915 960 1943 et

213 1963 308 1998 etiam
328 1964 361 1996 in
381 1964 628 1998 universalibus.
655 1963 907 2006 provincialibus
931 1969 961 1996 et

212 2016 418 2061 synodalibus
456 2016 601 2050 conciliis
632 2016 723 2049 editis
752 2022 782 2048 et
816 2017 959 2056 edendis,

212 2063 406 2113 specialibus
424 2071 471 2103 vel
492 2070 708 2114 generalibus,
726 2070 962 2103 constitutioni-

212 2123 272 2156 bus
291 2128 322 2156 et
341 2124 610 2161 ordinationibus;
632 2134 757 2156 necnon
778 2123 958 2161 Fit-manae,

213 2177 437 2216 Bononiensis,
468 2177 696 2216 Padnanensis,
727 2177 960 2217 Perusinensis,

213 2229 363 2263 Senensis
391 2236 421 2262 et
448 2230 669 2263 tlaceratonsis
702 2230 959 2274 praedictarum,

215 2293 251 2315 ac
278 2293 464 2326 quarumws
490 2283 626 2323 aliarum
654 2283 903 2315 Universitalum
934 2288 963 2316 et

214 2335 466 2379 gymnasiorum,
482 2336 576 2368 etiam
594 2336 811 2378 publicorum,
836 2337 964 2378 provin-

216 2385 349 2427 ciaeque
369 2390 495 2417 nostrae
516 2384 675 2417 Mareliiae
695 2384 913 2417 Anconitanae
934 2390 963 2417 et

215 2433 962 2473 totiusStatusEcclesiastici‚etiamiuramento,

216 2482 459 2516 confirmatione
480 2482 656 2526 apostolica
675 2483 723 2515 vel
741 2482 849 2524 quavis
865 2483 965 2515 firmi-

216 2536 279 2564 tate
297 2531 358 2564 alia
378 2531 548 2569 roboratis,
571 2531 697 2563 statutis
712 2537 741 2563 et
759 2531 965 2564 consuetudi-

216 2580 333 2624 nibus;
350 2580 485 2614 decretis
505 2586 536 2613 et
551 2580 645 2615 etiam
661 2579 750 2613 novis
767 2580 964 2614 reformatio-

1637 193 1702 228 597

1001 257 1108 295 nibus,
1131 257 1268 299 legibus,
1293 263 1355 290 tam
1376 255 1550 301 pontificiis
1571 267 1667 300 quam
1689 256 1749 288 im-

1001 309 1187 354 perialibus,
1207 311 1314 351 regiis,
1337 311 1506 343 ducalibus
1526 308 1749 353 etmunicipa-

1000 363 1105 403 libus;
1127 363 1301 406 privilegiis
1321 374 1463 407 quoque,
1486 363 1619 396 indultis
1643 368 1674 396 et
1697 363 1750 396 lit-

1000 415 1077 448 teris
1097 415 1291 458 apostolicis,
1313 416 1373 448 illis
1393 422 1423 448 et
1443 426 1554 448 eornm
1577 414 1751 459 superiori-

999 468 1060 501 bus
1080 473 1111 501 et
1131 469 1288 511 personis,
1307 468 1541 512 cuiuscumque
1553 473 1663 508 status,
1676 479 1748 511 gra-

1000 521 1072 561 dus,
1095 521 1217 554 ordinis
1246 527 1276 554 et
1303 521 1496 554 conditionis
1526 521 1746 562 existentibus,

1001 575 1032 607 in
1042 585 1159 617 genere
1171 576 1218 608 vel
1232 576 1263 607 in
1275 575 1394 619 specie,
1414 576 1472 608 sub
1488 575 1748 618 quibuscumque

1000 628 1166 660 tenoribus
1191 633 1221 660 et
1246 629 1366 669 formis,
1395 639 1432 661 ac
1462 639 1535 660 cum
1567 628 1746 672 quibusvis,

1000 681 1094 713 etiam
1115 681 1393 724 derogatoriarum
1414 681 1639 724 derogatoriis,
1661 681 1748 714 aliis·

999 745 1062 777 que
1083 735 1331 773 efficacioribus,
1354 735 1582 768 efficacissimis
1606 740 1636 768 et
1660 735 1747 768 inso-

998 788 1063 821 litis
1083 789 1245 830 clausulis,
1269 788 1534 832 irritantibusque
1554 794 1585 822 et
1604 789 1674 822 aliis
1694 789 1747 823 de-

999 841 1105 881 cretis,
1127 842 1222 874 etiam
1244 842 1276 874 in
1296 842 1358 874 vim
1380 847 1563 875 contractus
1588 842 1666 875 inibi
1690 842 1747 875 sti-

1000 895 1099 938 pulati
1116 901 1147 928 et
1160 896 1256 928 iurati
1269 923 1275 936 ,
1289 906 1326 928 ac
1343 895 1405 928 vim
1430 895 1535 928 statuti
1556 895 1702 939 perpetui
1718 901 1748 929 et

1000 953 1162 991 perpetua}
1178 947 1256 991 legis
1270 948 1609 988 inducentibus‚motu
1620 975 1628 989 ,
1647 948 1748 982 scien·

998 1002 1041 1034 tia
1062 1007 1091 1034 et
1108 1001 1272 1045 potestatis
1293 1001 1494 1044 plenitudine
1519 1001 1689 1042 similibus,
1718 1007 1748 1035 et

999 1055 1094 1088 etiam
1116 1056 1394 1096 consistorialiter,
1416 1066 1453 1088 ac
1474 1054 1551 1088 alias
1571 1055 1748 1098 quomodo-

999 1109 1088 1149 libet,
1110 1110 1203 1142 etiam
1216 1109 1338 1153 pluries
1350 1115 1382 1142 et
1393 1109 1514 1142 iteratis
1524 1108 1657 1149 vicibus,
1670 1120 1747 1142 con-

999 1162 1107 1202 cessis,
1131 1162 1329 1196 confirmatis
1353 1168 1383 1196 et
1403 1162 1574 1203 innovatis,
1596 1173 1633 1195 ac
1653 1162 1747 1196 etiam

999 1216 1031 1248 in
1068 1221 1233 1259 posterum
1264 1215 1489 1254 concedendis,
1519 1214 1748 1248 confirmandis

1000 1275 1028 1302 et
1044 1270 1245 1305 innovandis:
1263 1269 1383 1313 quibus
1398 1269 1549 1302 omnibus
1559 1274 1589 1302 et
1600 1268 1745 1311 singulis,

999 1323 1136 1362 etiamsi,
1155 1333 1213 1366 pro
1237 1322 1367 1355 illorum
1388 1322 1490 1355 suffic.
1516 1322 1744 1365 derogatione,

999 1377 1036 1409 de
1049 1376 1111 1408 illis
1125 1377 1304 1419 eorumque
1318 1375 1393 1408 totis
1407 1375 1574 1408 tenoribus
1587 1375 1745 1419 specialis,

998 1429 1160 1473 specifica,
1177 1440 1326 1473 expressa
1343 1429 1545 1462 etindividua
1556 1440 1592 1462 ac
1604 1429 1642 1462 de
1651 1429 1747 1462 verbo

999 1484 1038 1516 ad
1055 1483 1200 1523 verbum,
1222 1493 1288 1516 non
1308 1488 1414 1515 autem
1434 1493 1493 1526 per
1513 1483 1673 1515 clausulas
1692 1493 1746 1525 ge-

999 1537 1125 1570 nerales
1162 1537 1247 1569 idem
1282 1536 1506 1580 importantes,
1541 1536 1660 1569 mentio
1691 1547 1747 1570 seu

999 1591 1128 1634 quaevis
1148 1591 1309 1634 expressio
1330 1590 1478 1623 habenda
1493 1595 1548 1623 aut
1562 1590 1670 1633 aliqua
1685 1590 1747 1623 alia

1001 1645 1156 1688 exquisita
1184 1644 1287 1677 forma
1315 1644 1355 1676 ad
1380 1643 1443 1676 hoc
1473 1643 1628 1675 servanda
1652 1644 1744 1684 soret,

1000 1698 1063 1731 illis
1083 1698 1160 1730 alias
1180 1698 1212 1730 in
1229 1707 1286 1730 suo
1304 1697 1421 1730 robore
1438 1696 1670 1740 permansuris,
1687 1697 1747 1730 hac

999 1752 1066 1785 vice
1086 1751 1261 1791 dumtaxat,
1290 1751 1405 1783 harum
1438 1750 1532 1790 serie,
1567 1750 1748 1794 specialiter

1001 1810 1031 1838 et
1055 1815 1203 1848 expresse
1224 1809 1313 1837 motu
1338 1802 1436 1836 simili
1464 1803 1668 1846 derogamus,
1695 1814 1748 1836 ee-

1002 1858 1142 1902 terisque
1163 1857 1334 1891 contrariis
1354 1857 1627 1900 quibuscumque.

1045 1911 1132 1954 313.
1155 1911 1301 1944 Ceterum
1327 1911 1476 1943 volumus
1506 1909 1592 1953 quod
1621 1920 1750 1942 earum-

1002 1965 1073 1997 dem
1096 1964 1314 2008 praesentium
1331 1964 1510 1996 litterarum
1527 1963 1749 2006 transumptis,

1002 2019 1096 2051 etiam
1128 2017 1303 2061 impressis,
1337 2027 1434 2049 manu
1468 2016 1606 2049 alicuius
1634 2016 1750 2049 notarii

1001 2071 1123 2115 publici
1145 2070 1345 2113 subscriptis,
1367 2076 1395 2103 et
1417 2070 1521 2112 sigillo
1539 2069 1752 2102 communita-

1001 2124 1041 2156 tis
1061 2136 1116 2157 seu
1135 2124 1237 2157 Studii
1259 2123 1420 2166 generalis
1440 2123 1662 2156 Universitatis
1682 2123 1752 2155 Fir-

1003 2188 1115 2209 manae
1136 2177 1334 2217 huiusmodi,
1361 2182 1415 2209 aut
1439 2177 1576 2209 al1euius
1601 2177 1751 2209 ecclesia-

1003 2230 1098 2263 sticae
1118 2232 1165 2263 vel
1186 2230 1360 2263 saecularis
1380 2230 1488 2263 curiae
1514 2241 1570 2263 seu
1595 2242 1751 2274 personae

1003 2284 1035 2316 in
1056 2284 1209 2326 dignitate
1230 2283 1446 2316 ecelesiastica
1466 2283 1658 2317 constitutae
1679 2296 1751 2317 mu-

1003 2337 1088 2376 nitis,
1109 2338 1219 2369 eadem
1246 2348 1378 2380 prorsus
1407 2337 1485 2369 sides
1513 2337 1545 2369 in
1574 2337 1694 2370 iudicio
1721 2344 1753 2371 et

1004 2392 1091 2418 extra
1111 2386 1312 2423 adhibeatur,
1333 2396 1415 2429 quae
1441 2385 1516 2429 ipsis
1540 2386 1752 2429 originalibus

1004 2435 1118 2468 litteris
1155 2435 1374 2475 adhiberetur,
1411 2435 1437 2468 si
1467 2435 1624 2469 exhibitae
1649 2436 1753 2469 forent

1004 2485 1051 2516 vel
1072 2490 1229 2516 ostensae.

1049 2533 1063 2575 ξ
1082 2532 1134 2564 «14.
1157 2532 1241 2564 Nulli
1263 2542 1337 2575 ergo
1358 2532 1490 2566 omnino
1514 2532 1681 2567 hominum
1713 2533 1750 2566 li-

1006 2586 1075 2613 ceat
1095 2581 1177 2613 hane
1197 2581 1347 2624 paginam
1372 2585 1428 2614 ete.

1763 201 1815 228 An.
1834 201 1860 229 C.
1880 199 1945 228 1585

1805 1917 1864 1937 fido<
1889 1921 1949 1937 tran-

1765 1952 1900 1974 sumpturum.

1802 2548 1919 2570 clausulae.
