2059 3228
59 250 67 258 .
82 229 110 259 C.
126 230 194 259 ¹586

867 230 969 253 swrt's
989 231 1006 252 V
1031 230 1077 252 ΙΨ.

1633 212 1694 247 717

207 280 282 314 solia
299 283 609 325 superexcreverint,
628 283 796 315 statuimus
816 289 848 315 et
868 283 952 315 ordi·
993 292 1092 324 super
1121 282 1299 314 necessaria
1324 286 1353 314 et
1378 286 1562 325 opportuna
1587 289 1646 323 per
1669 288 1741 312 ear-

205 344 320 368 namus
335 336 420 378 quod
442 346 538 369 nemo
557 336 622 375 illa,
646 336 791 369 minusve
812 335 951 369 sericum
994 334 1132 366 dinalem
1167 340 1378 377 protectorem
1411 340 1442 368 et
1470 345 1527 378 pro
1559 334 1628 368 eius
1651 338 1741 377 parte

205 388 341 422 crudum
354 399 409 422 seu
423 390 570 422 aulaeum
582 395 669 422 extra
680 389 798 422 Urbem
811 390 952 423 Statum-

204 452 268 485 que
294 441 552 476 [eclesiasticum
584 443 775 486 praedictOS‚
807 442 874 475 sine
903 452 953 474 ex—

204 505 315 540 pressa
333 495 462 529 licentia
473 496 647 530 cardinalis
659 495 849 539 protectoris
860 505 953 538 prae-

204 549 376 589 dictorum,
410 550 549 593 desuper
582 550 777 583 extrahenda
809 558 955 592 quoquo-

204 602 300 636 modo
320 602 457 641 deserre,
480 604 518 636 ad
547 603 695 636 effectum
718 602 788 634 illos
809 601 885 634 inibi
909 601 954 633 in-

204 660 254 690 ter
272 667 396 700 pannos
411 667 466 689 sen
487 657 660 689 olosericos
674 654 847 699 gausapina
858 660 889 687 et
900 654 954 686 vil-

204 710 283 749 losa,
305 719 432 743 necnon
457 709 615 753 polimita,
644 718 770 741 necnon
798 708 866 740 vela
897 717 952 739 seu

205 762 322 805 caligas
346 762 527 802 laborandi,
548 763 608 795 sub
639 771 744 805 poena
772 759 954 793 amissionis

204 816 382 850 sericorum
400 821 431 850 et
450 817 629 850 aulaeorum
644 825 681 848 ac
703 814 792 847 mille
812 820 840 847 et
861 813 953 856 quin-

203 874 375 912 gentorum
395 874 561 903 scutorum
579 879 637 912 pro
658 868 802 912 qualibet
821 866 901 907 vice3
924 871 954 899 et

203 927 280 956 tunc
311 922 465 967 temporis
492 921 642 955 constitui
670 926 701 954 et
724 919 872 964 deputari
897 919 953 952 de-

202 977 300 1010 beant
314 977 464 1010 consules
497 975 633 1009 huiusce
653 975 730 1008 artis
750 974 784 1007 in
803 973 954 1007 omnibus

203 1029 394 1070 civitatibus,
415 1030 509 1063 terris
529 1036 557 1063 et
570 1028 649 1062 locis
660 1026 950 1072 supranominati&

204 1094 278 1117 cum
296 1083 562 1122 institutionibus,
581 1081 877 1119 constitutionibus,
904 1090 948 1112 or·

203 1136 422 1171 dinationibus
448 1142 480 1170 et
499 1137 624 1179 legibus
643 1133 808 1179 perpetuis
828 1134 952 1176 Longo-

203 1190 335 1224 bardiae
349 1196 380 1224 et
399 1190 470 1224 aliis
482 1189 674 1227 civitatibus,
693 1188 789 1222 etiam
811 1198 884 1220 curn
904 1197 954 1220 so-

205 1243 269 1277 litis
278 1243 434 1277 ministris
453 1243 625 1277 concessis.
649 1243 692 1275 Ac
712 1241 862 1274 volumus
882 1251 952 1273 om-

205 1308 262 1331 nes
280 1297 410 1341 gratias,
441 1297 607 1330 facultates
627 1302 657 1330 et
683 1294 906 1329 concessiones
936 1304 953 1325 a

205 1350 298 1384 nobis
322 1355 353 1384 et
384 1350 625 1384 successoribus
658 1348 775 1382 nostris
801 1346 954 1380 Romanis

205 1403 413 1438 Pontificibus
423 1415 482 1448 pro
495 1409 639 1447 tempore
651 1401 856 1440 emanandas
868 1399 951 1443 apud

205 1458 311 1502 ipsum
335 1458 499 1491 notarium
525 1462 556 1490 et
586 1457 617 1489 in
643 1456 711 1489 eius
736 1454 842 1488 officio
872 1452 953 1496 regi-

205 1512 351 1546 strandas
371 1522 453 1553 esse,
474 1511 618 1555 alioquin
638 1511 708 1543 illas
724 1509 846 1542 nullius
857 1508 952 1540 robo-

204 1566 248 1599 ris
267 1566 314 1600 vel
337 1565 492 1598 momenti
514 1565 581 1598 fore
601 1570 632 1597 et
649 1573 716 1597 esse
733 1561 950 1596 decernimus:

204 1619 355 1663 quodque
377 1619 498 1656 nultus,
520 1629 578 1662 per
594 1628 627 1650 se
647 1618 695 1650 vel
715 1616 814 1649 alium
838 1626 895 1648 seu
920 1625 952 1646 a·

204 1673 277 1714 lios,
299 1673 421 1706 extrahi
442 1673 546 1704 faeere
576 1671 677 1714 possit
701 1671 824 1713 plantas
851 1668 952 1701 celso-

205 1737 278 1760 rum
298 1737 355 1760 seu
375 1736 541 1760 mororum
559 1723 745 1757 huiusmodi
761 1723 808 1756 vel
824 1722 952 1755 illarum

205 1780 334 1814 frondes
358 1786 446 1814 extra
465 1781 587 1813 dictum
609 1779 732 1813 Statum
752 1776 953 1811 Ecclesiasti-

205 1845 290 1875 cum,
319 1845 374 1868 seu
407 1835 478 1868 illas
500 1836 539 1869 ab
561 1845 598 1867 eo
619 1834 791 1874 abducere,
814 1843 874 1866 nec
894 1830 954 1864 mi-

204 1899 266 1921 nus
291 1899 344 1922 eas
364 1900 400 1922 ex
425 1899 488 1922 nna
510 1889 675 1932 provincia
695 1888 726 1921 in
751 1890 845 1924 aliam
866 1898 954 1927 extra

203 1941 330 1976 Statum
347 1942 453 1986 ipsum
474 1943 669 1982 conducere,
684 1953 789 1986 neque
806 1955 822 1977 e
834 1945 953 1981 ditione

207 1995 376 2040 temporali
395 1997 555 2029 baronum
574 2008 628 2029 sen
648 1997 785 2030 aliorum
803 1998 955 2033 domicel-

207 2049 311 2082 lorum
331 2049 570 2092 praedictorum
590 2049 628 2082 ad
641 2050 701 2082 alia
722 2050 792 2083 loca
812 2057 898 2085 extra
909 2054 954 2086 di-

207 2107 292 2135 ctum
314 2102 437 2136 Statum
460 2103 644 2142 constituta,
664 2103 733 2136 sine
752 2104 880 2138 lieentia
899 2117 954 2140 no-

994 388 1075 427 lieri;
1090 398 1213 420 necnon
1240 389 1486 421 ‹·omuutnitatcs
1504 394 1534 421 et
1554 380 1742 421 universitass

994 447 1039 474 tes
1048 452 1084 474 ac
1096 441 1232 473 barone<
1247 442 1391 485 aliosque
1406 442 1550 481 laeuum,
1570 441 1740 475 fluminum

993 501 1021 529 et
1048 495 1203 538 paludum
1217 496 1374 535 dominos,
1387 496 1426 527 ad
1445 495 1654 539 plantandum
1676 494 1740 529 eir-

994 561 1066 582 cum
1087 550 1177 582 lacus
1193 555 1223 581 et
1238 549 1372 592 paludes
1391 549 1577 583 huiusmodi
1599 549 1700 583 celsos
1710 554 1741 583 et

994 613 1100 635 moros
1125 602 1233 641 viginti
1260 603 1352 635 ulnas
1377 603 1422 635 vel
1445 603 1529 636 cirea
1554 608 1583 635 et
1603 603 1741 646 quadra-

993 656 1080 695 ginta
1100 657 1223 699 palmos
1244 656 1446 696 abinvicem,
1460 668 1561 701 prope
1571 657 1656 700 ripas
1665 666 1741 691 vero

994 709 1164 742 [luminum
1185 715 1326 752 quatuor
1346 711 1509 750 ulnarum,
1530 721 1602 744 cum
1628 710 1741 744 eadem

994 774 1049 796 seu
1070 763 1188 796 minori
1208 763 1358 796 distantia
1376 764 1564 797 ab-invicem
1576 764 1739 805 distantes,

993 822 1028 850 ut
1047 817 1149 850 maior
1178 817 1305 850 illarum
1327 828 1483 851 numerus
1508 818 1624 851 ibidem
1650 818 1741 862 plan-

993 870 1051 904 tari
1082 877 1190 914 queat,
1220 872 1370 904 omnibus
1398 871 1476 905 iuris
1504 872 1654 905 remediis
1683 874 1739 907 ad-

993 925 1105 965 stringi
1131 925 1331 968 obligarique
1359 926 1522 965 volumus,
1557 937 1593 960 ex
1622 927 1740 970 quibus

993 979 1097 1016 elobis
1115 979 1265 1012 volumus
1298 984 1326 1012 et
1354 979 1572 1023 praecipimus
1600 981 1739 1015 sericum

993 1038 1023 1065 et
1043 1033 1193 1066 aulaeum
1215 1033 1402 1065 huiusmodi
1424 1033 1559 1073 extrahi,
1581 1038 1612 1067 et
1631 1045 1666 1067 ex
1684 1035 1741 1068 Be-

993 1092 1139 1125 nevento,
1162 1097 1287 1120 necnon
1318 1087 1529 1120 Romandiola
1551 1093 1579 1120 et
1600 1088 1739 1122 Marchia

994 1140 1204 1179 Anconitana,
1233 1146 1265 1173 et
1288 1141 1422 1183 insuper
1450 1141 1582 1173 Umbria
1612 1153 1649 1175 ac
1669 1141 1739 1175 aliis

995 1194 1168 1236 provinciis
1188 1195 1294 1229 Status
1318 1195 1533 1229 Ecclesiastici
1553 1194 1740 1228 huiusmodi

992 1247 1125 1281 Romam
1146 1248 1263 1282 deduci
1284 1249 1323 1281 ad
1346 1248 1606 1282 constituendum
1626 1248 1739 1282 telaria

992 1302 1030 1335 ad
1050 1303 1223 1335 texendum
1244 1303 1414 1342 oloserica,
1436 1302 1614 1346 gausapina
1630 1307 1660 1336 et
1678 1302 1739 1335 vil-

991 1356 1071 1396 losa,
1109 1356 1207 1389 aliave
1241 1357 1389 1390 exercitia
1416 1356 1575 1389 dictarum
1605 1355 1736 1396 artium,

993 1409 1137 1452 aliosque
1162 1421 1308 1454 pannos,
1335 1415 1371 1443 nt
1403 1409 1622 1453 quantocitius
1655 1415 1739 1443 artes

992 1463 1173 1505 praedictae
1193 1464 1245 1497 hic
1270 1464 1301 1497 in
1322 1465 1406 1497 dieta
1430 1464 1513 1497 Urbe
1530 1463 1738 1497 introducan-

993 1521 1054 1556 tur,
1075 1518 1106 1549 in
1127 1518 1297 1551 maximam
1320 1518 1422 1551 dietae
1434 1517 1527 1551 Urbis
1546 1517 1736 1557 utilitatem3

992 1575 1091 1613 utque
1121 1571 1207 1604 illius
1231 1572 1302 1605 loca
1326 1577 1419 1605 antea
1442 1582 1542 1605 vacua
1567 1576 1597 1604 et
1620 1571 1738 1605 dereli-

993 1629 1040 1655 cta
1070 1623 1301 1661 inhabitentur.
1320 1625 1468 1658 volumus
1491 1625 1623 1667 insuper
1650 1625 1736 1668 quod

993 1678 1024 1710 in
1056 1678 1233 1711 civitatibus
1256 1678 1411 1711 Perusina
1432 1684 1462 1712 et
1487 1678 1677 1721 spoletana,
1701 1689 1738 1711 ac

992 1731 1224 1774 Fulginatensi,
1254 1743 1378 1765 necnon
1401 1731 1630 1771 Camerinensi‚
1653 1731 1738 1765 aliis-

993 1796 1055 1827 que
1075 1786 1230 1828 praedicti
1247 1786 1354 1819 Status
1372 1784 1585 1826 Ecclesiastici
1606 1785 1740 1818 civitati-

991 1838 1069 1873 bus,
1093 1839 1124 1872 in
1156 1839 1274 1882 quibus
1299 1838 1523 1871 huiuscemodi
1552 1843 1634 1871 artes
1653 1848 1738 1871 exer-

993 1891 1058 1925 ceri
1078 1903 1142 1925 non
1168 1892 1373 1926 mediocriter
1396 1891 1557 1934 cupimus,
1579 1896 1625 1924 tot
1644 1891 1738 1924 serici

993 1951 1022 1979 et
1032 1946 1123 1979 antaei
1135 1951 1417 1988 1·emaneant,quot
1433 1944 1739 1989 prointroductione

993 2006 1022 2033 ct
1042 2001 1282 2033 continuatione
1295 2005 1389 2043 atque
1402 2003 1576 2039 augmento
1595 1998 1736 2041 ipsarum

993 2054 1109 2086 artium
1140 2065 1221 2096 opus
1251 2060 1278 2085 et
1314 2052 1530 2086 necessarium
1565 2051 1673 2085 suerit.
1704 2051 1739 2084 ln

993 2096 1247 2140 eivitate⁰autem
1267 2107 1422 2139 Perusina
1449 2111 1479 2137 et
1500 2104 1580 2144 aliis,
1602 2104 1658 2137 ubi
1674 2104 1738 2137 iam

207 2155 278 2188 tarii
293 2155 325 2188 in
338 2155 466 2199 scriptis
477 2156 606 2189 obtenta
621 2156 818 2193 huiusmodi.
838 2164 864 2191 et
878 2160 953 2192 sub·
971 2180 973 2211 Ι
992 2172 1043 2194 ars
1053 2161 1178 2193 texendi
1192 2160 1292 2193 serica
1307 2159 1489 2192 introducta
1504 2157 1652 2196 existit‚et
1665 2158 1739 2198 illae,

206 2208 325 2252 scripta
356 2219 373 2241 a
406 2215 537 2251 regente
562 2220 618 2242 seu
643 2209 899 2253 vicegerentibus
925 2219 955 2246 et

207 2262 501 2296 successoribusve]
510 2263 681 2296 nominatis
689 2264 849 2307 deputatis
859 2276 954 2308 prae-

207 2314 318 2356 dictu,
345 2321 531 2358 exportare;
564 2321 594 2349 et
623 2316 677 2360 qui
702 2327 795 2350 secus
824 2318 951 2360 feeerit,

208 2378 266 2410 pro
286 2367 428 2411 qualibet
447 2369 555 2411 planta
579 2375 610 2402 et
631 2369 745 2413 ‚quovis
770 2373 954 2406 centenario

207 2416 363 2450 librarum
372 2417 534 2450 frondium
547 2418 734 2451 huiusmodi
745 2425 873 2452 eentum
885 2432 953 2454 scu·

209 2469 313 2497 torum
327 2465 494 2503 similium,
509 2466 611 2498 eidem
627 2466 778 2500 Gamerae
792 2479 865 2500 etun
877 2470 954 2502 etse-

208 2518 262 2546 ctu
281 2514 562 2557 applicandorum,
586 2520 615 2547 et
636 2515 814 2548 triremium
842 2518 953 2559 poenis

208 2561 373 2595 subiacere
393 2563 551 2599 volutnus2
567 2562 740 2606 omniaque
754 2564 954 2603 edicta‚con-

209 2609 390 2645 stitutiones
410 2616 440 2644 et
460 2611 677 2646 ordinationes
701 2623 737 2646 ac
762 2618 878 2646 statuta
899 2613 953 2647 de-

971 2214 979 2659 l

992 2225 1075 2257 quae
1096 2214 1278 2247 consulates
1296 2213 1377 2245 bene
1390 2213 1542 2245 formatos
1562 2216 1592 2243 et
1614 2217 1738 2244 erectos

993 2278 1067 2300 cum
1088 2277 1200 2300 eornm
1221 2265 1404 2299 residentiis
1417 2270 1448 2297 et
1467 2263 1592 2297 statutis
1607 2264 1736 2305 habent,

994 2320 1062 2353 eius
1082 2319 1218 2352 artifices
1243 2318 1388 2355 reddant,
1406 2318 1560 2350 nolumus
1580 2316 1611 2349 in
1626 2317 1672 2350 eis
1691 2316 1737 2349 vi-

994 2377 1177 2413 ces-*erentes
1202 2381 1258 2414 per
1282 2370 1535 2403 introductorem
1551 2380 1607 2402 seu
1628 2369 1738 2403 inven-

994 2428 1095 2454 torem
1125 2420 1284 2462 deputari,
1312 2419 1365 2451 sed
1392 2418 1614 2451 tantummodo
1647 2425 1738 2452 nota-

995 2470 1078 2502 rium
1091 2475 1120 2502 et
1131 2470 1387 2510 computatorem
1395 2468 1433 2501 ad
1445 2467 1507 2501 hoe
1518 2467 1625 2501 utillic
1638 2473 1738 2501 artem

995 2518 1088 2551 etiam
1102 2516 1226 2549 texendi
1246 2517 1359 2553 aulaea,
1373 2515 1543 2549 seminaria
1560 2521 1591 2548 et
1610 2515 1738 2558 plantu-

997 2565 1094 2597 maria
1110 2570 1295 2606 ceterasque.
1310 2563 1507 2607 supradictas
1521 2563 1737 2597 ordinatione>-

995 2612 1174 2646 executioni
1199 2618 1230 2645 et
1257 2612 1444 2655 perfectioni
1467 2611 1655 2645 demandari
1681 2622 1736 2644 cu-

1755 218 1805 244 An.
1821 216 1849 246 C.
1871 216 1936 245 1586
