2059 3228
105 259 155 293 An.
166 257 288 290 -c.·1586
349 254 412 288 7:30

896 264 1074 290 BULLARIUM
1099 264 1249 290 ROMANUM

302 315 409 348 officio
437 320 563 348 amotus
587 316 697 357 suerit,
724 327 836 351 omnes
856 323 887 352 et
906 318 1049 361 singulas
1091 318 1187 351 etiam
1207 329 1266 362 per
1295 328 1354 351 nos
1374 324 1404 352 et
1423 322 1622 353 successores
1641 325 1767 354 nostros
1776 319 1839 353 Ro-

300 367 476 410 scripturas
500 368 539 400 ad
560 368 678 402 dictam
712 370 1048 405 archiconsraternita-
1091 382 1203 404 manos
1228 371 1398 405 Pontifices
1431 383 1468 405 ac
1488 372 1601 406 Sedem
1628 373 1836 417 praedictam,

299 424 373 459 tem,
408 425 442 452 ut
470 421 663 464 praefertur,
697 424 941 467 quomodolibet
974 436 1046 469 spe-

298 478 430 514 ctantes,
458 484 516 517 per
542 475 671 509 eosdem
697 477 862 520 custodes,
889 478 972 512 facto
1007 479 1046 512 de

295 525 360 559 illis
380 526 570 569 inventario,
591 529 717 563 notario
739 532 917 565 successori
929 533 968 565 ab
984 532 1045 566 eis-

295 578 367 611 dem
403 580 590 615 custodibus
615 582 767 626 deputato
796 583 1042 627 consignandas.

337 632 352 675 g
376 631 406 666 8.
425 632 581 678 Quodque
599 635 764 670 citationes
777 636 809 670 in
830 638 934 671 causis
953 649 1045 683 prae-

95 687 279 744 aaassss'sssfff'ssssss
293 683 385 718 dictis
405 686 502 719 etiam
521 698 579 731 per
603 688 717 722 Curiae
736 689 896 733 Capitolii,
927 702 983 725 seu
1012 703 1044 724 a-

95 750 180 783 quosas
220 755 279 770 man-
292 737 353 770 lios
377 749 614 784 quoscumque,
636 742 731 775 etiam
752 743 857 777 dictae
877 743 1044 778 archicon-

94 779 192 800 ‘¹'‘¹‘¹¹¹⁰⁵'
290 790 498 826 fraternitatis
518 795 747 837 mandatarios,
769 796 840 830 fieri
859 797 994 840 possint.

336 845 351 888 ἓ
375 844 406 878 9.
433 846 477 879 Ac
506 848 593 891 quod
627 848 825 892 quicumque
855 855 1042 884 executores

146 903 275 949 E-xecuufres¹
290 898 457 932 curiarum
488 911 546 934 seu
571 901 783 936 tribunalium
815 903 917 937 dictae
949 904 1040 938 Urbis

90 941 183 988 Ῐῖἓῖἶᾎῗηι
198 942 275 989 ⁰:123}
288 951 411 995 possint
431 959 461 987 et
482 954 619 988 debeant
638 957 750 999 exequi
775 962 806 990 et
830 957 1040 992 effectualiter

289 1007 495 1049 exequutioni
525 1008 719 1042 demandare
740 1021 851 1043 omnes
872 1016 902 1044 et
929 1011 1039 1055 singu-

287 1058 334 1090 las
351 1060 535 1102 sententias,
549 1063 676 1096 decreta
687 1069 717 1096 et
727 1065 876 1097 mandata
886 1075 945 1109 pro
956 1071 1038 1098 tcm-

286 1123 364 1156 pore
406 1114 569 1148 existentis
607 1117 818 1150 referendarii
850 1118 1038 1152 huiusmodi

286 1166 363 1207 sive,
377 1167 410 1200 in
431 1167 499 1202 eius
519 1170 663 1203 absentia
683 1177 738 1204 aut
758 1171 837 1204 alias
853 1172 921 1216 ipso
937 1172 1038 1217 impe-

286 1219 370 1262 dito,
397 1221 437 1254 ab
462 1222 583 1256 eisdem
609 1224 799 1258 custodibus
826 1225 977 1268 eligendi,
999 1237 1036 1260 ac

286 1278 320 1305 ut
341 1284 438 1318 supra
461 1276 663 1318 nominandi,
687 1288 722 1311 ac
743 1289 761 1311 a
780 1283 962 1322 protectore
978 1290 1035 1323 ap-

285 1327 454 1369 probandi,
468 1340 562 1372 quae,
576 1341 641 1364 non
662 1331 806 1365 obstante
826 1333 938 1375 regula
953 1332 1034 1366 Can-

285 1379 447 1422 cellariae‚
474 1382 533 1415 sub
558 1383 626 1417 eius
648 1395 747 1429 parvo
764 1385 870 1429 sigillo
890 1387 1034 1431 expediri

283 1439 416 1476 possint.

328 1487 342 1530 ἓ
365 1487 419 1521 10.
441 1488 1032 1535 Acinsuperarchiconsraternitatem

84 1573 122 1593 has
136 1580 210 1595 causas
224 1580 267 1596 m
283 1540 481 1583 praedictam
517 1543 649 1588 eiusque
679 1546 827 1580 custodes
841 1574 849 1589 ‚
890 1558 1033 1581 camera-

83 1612 220 1634 cognoscam.
281 1593 378 1635 rium,
399 1595 552 1630 officiales
565 1603 595 1631 et
610 1598 772 1633 ministros
788 1611 825 1634 ex
838 1611 925 1634 nunc
940 1601 1031 1635 dein-

282 1658 367 1691 ceps,
381 1650 550 1684 occasione
558 1652 823 1695 praemissorum,
842 1655 1031 1699 principali-

280 1707 329 1735 ter
339 1713 395 1735 seu
413 1704 617 1747 secundario,
632 1706 707 1739 alibi
727 1718 824 1751 quam
845 1719 954 1742 coram
970 1720 1029 1754 pro
1049 1693 1053 1749 i

279 1760 424 1799 tempore
450 1758 602 1791 existente
626 1759 858 1802 referendario,
880 1768 915 1795 ut
940 1756 1052 1806 prae—¹

278 1808 381 1842 fertur
400 1810 502 1843 electo
523 1817 553 1844 et
572 1812 737 1856 deputato,
767 1815 942 1856 conveniri,
976 1821 1029 1849 aut

279 1862 319 1895 ad
353 1863 431 1896 alios
465 1865 720 1900 conveniendum
754 1869 929 1913 constringi
962 1881 1028 1904 non

277 1926 389 1960 posse;
412 1923 442 1951 et
461 1929 643 1962 processus,
667 1921 851 1964 sententias,
877 1923 1028 1957 mandata

278 1974 308 2002 et
327 1970 455 2004 decreta
476 1983 533 2015 per
549 1973 649 2006 alium
669 1974 733 2008 sive
752 1975 844 2017 alios,
864 1982 927 2009 tam
941 1977 1029 2010 ordi-

276 2023 384 2057 narios
404 2036 501 2068 quam
529 2026 625 2060 etiam
658 2028 841 2072 specialiter
860 2027 1027 2074 deputatos

278 2082 307 2109 et
326 2078 500 2122 delegatos,
523 2080 656 2122 iudices,
687 2082 798 2125 quavis
836 2084 1026 2117 auctoritate

275 2130 456 2174 fungentes,
479 2133 513 2165 in
533 2134 638 2168 causis
657 2135 829 2178 praedictis
849 2138 1027 2180 quomodo-

276 2183 354 2217 libet
372 2182 432 2230 pro
456 2191 602 2231 tempore
621 2188 788 2231 formatos,
816 2189 849 2222 in
869 2202 1025 2232 quacum-

276 2248 339 2281 que
363 2238 514 2273 instantia
538 2241 616 2274 latas
646 2246 676 2275 et
708 2242 814 2284 sacta,
845 2254 920 2277 cum
950 2244 1025 2278 inde

275 2293 419 2335 sequutis
451 2294 725 2339 quibuscumque,
752 2297 854 2339 nulla,
886 2297 975 2332 irrita
995 2304 1025 2332 et

275 2343 393 2387 inania,
425 2347 612 2392 nulliusque
641 2349 768 2385 roboris
800 2356 832 2385 et
869 2353 1023 2386 momenti

274 2397 351 2432 sore.

318 2448 332 2489 ξ
357 2447 410 2481 11.
437 2449 641 2485 Praesentem
664 2464 793 2498 quoque
824 2461 930 2489 motus
949 2466 1024 2499 pro-

274 2506 335 2538 pru
357 2499 514 2541 cedulam,
546 2502 605 2534 sub
640 2503 903 2547 quibuscumque
933 2504 1021 2538 simi-

275 2544 353 2578 lium
373 2548 422 2580 vel
442 2548 646 2584 dissimilium
670 2553 847 2595 gratiarum
867 2559 923 2587 aut
944 2565 1021 2587 con-

275 2594 456 2629 cessionum
494 2599 764 2643 revocationibus,
805 2603 1023 2646 suspensioni-

274 2642 347 2685 bus,
377 2646 652 2684 moderationibus
676 2660 734 2685 seu
764 2651 1021 2695 limitationibus‚

91 998 138 1018 data
173 1000 274 1025 praedicti

90 1029 173 1052 indicis.

132 1541 174 1563 Alli
188 1542 269 1564 ludices

152 2497 261 2520 mensulae

79 2529 261 2559 pimemuvae.

1087 425 1136 458 vel
1167 425 1237 458 eius
1267 425 1363 459 etiam
1389 425 1427 459 de
1457 426 1557 458 latere
1577 426 1706 469 legatos,
1730 431 1761 459 et
1780 436 1838 470 per

1090 477 1307 512 Cancellariae
1328 479 1523 523 apostolicae
1543 479 1670 520 regulas
1687 490 1744 523 pro
1756 484 1835 512 tem-

1089 542 1168 576 pore
1189 533 1299 573 saetas,
1312 532 1405 566 etiam
1419 532 1450 565 in
1464 533 1603 566 savorem
1627 531 1764 566 fabricae
1778 533 1837 566 ba-

1089 585 1197 618 silicae
1229 584 1389 629 Prineipis
1417 585 1647 629 Apostolorum
1681 585 1719 618 de
1752 585 1836 618 dicta

1086 638 1173 671 Urbe
1185 639 1369 672 nullatenus
1386 639 1667 682 comprehensam,
1680 638 1737 672 scd
1752 649 1835 672 sem-

1085 702 1144 736 per
1160 692 1200 725 ab
1221 692 1282 725 illis
1304 691 1431 735 penitus
1451 697 1482 725 et
1501 691 1634 725 omnino
1659 696 1834 736 exceptam,

1085 756 1122 778 ac
1142 745 1268 789 quoties
1289 745 1361 778 illae.
1393 746 1601 785 emanabant,
1633 745 1726 778 toties
1745 755 1837 789 prae-

1083 804 1207 831 sentem
1239 797 1385 832 cedulam
1419 798 1451 831 in
1470 798 1642 842 pristinum
1666 797 1768 832 robur
1785 807 1836 831 re-

1087 852 1229 885 stitutam
1250 863 1318 885 esse
1339 858 1370 885 et
1393 852 1516 885 censeri
1543 852 1661 885 debere
1678 862 1686 892 ;
1707 861 1768 885 nec
1791 850 1836 884 ei-

1083 906 1156 939 dem
1177 906 1311 939 cedulae
1345 916 1402 949 per
1421 916 1644 948 quascumque
1672 904 1835 943 clausulas

1081 959 1249 1002 generales
1268 959 1317 991 vel
1342 958 1509 1002 speciales,
1541 958 1635 998 etiam
1666 957 1834 1001 derogato-

1081 1011 1204 1044 riarum
1225 1011 1457 1054 derogatorias,
1480 1011 1677 1045 efficaciores
1696 1016 1727 1044 et
1745 1009 1833 1043 inso-

1849 264 1909 298 An..
1922 265 1993 295 Cf
2014 259 2030 293 ἵν

1079 1064 1164 1106 litas,
1181 1076 1218 1098 ac
1239 1065 1335 1098 etiam
1346 1065 1505 1098 irritantia
1521 1065 1662 1105 decreta,
1677 1063 1737 1098 sub
1746 1074 1828 1108 qua·
1848 1107 1850 1109 v

1080 1128 1219 1162 cumque
1239 1119 1409 1151 verborum
1429 1117 1645 1162 expressione,
1662 1117 1695 1150 in
1710 1128 1743 1150 se
1752 1127 1829 1150 con-

1079 1172 1228 1213 tinentes,
1252 1172 1398 1215 derogari
1414 1183 1520 1216 possc;
1537 1177 1568 1205 et
1587 1172 1612 1205 si
1626 1171 1671 1204 illi
1683 1171 1828 1204 ulloum-

1078 1236 1175 1269 quam
1193 1231 1338 1270 tempore
1354 1237 1391 1259 ex
1407 1226 1526 1269 aliqua,
1544 1225 1640 1259 etiam
1655 1229 1828 1268 quantum-

1076 1279 1120 1312 vis
1140 1280 1319 1313 necessaria
1339 1284 1367 1313 et
1390 1279 1530 1322 urgenti,
1546 1290 1653 1320 causa,
1676 1276 1827 1322 derogari

1077 1333 1250 1376 contingat,
1271 1333 1330 1365 nisi
1356 1339 1448 1366 tenor
1477 1332 1611 1366 cedulae
1636 1331 1826 1365 huiusmodi

1075 1386 1114 1420 dc
1135 1387 1228 1420 verbo
1244 1387 1283 1420 ad
1297 1387 1443 1428 verbum,
1456 1386 1536 1419 nihil
1554 1385 1683 1430 penitus
1695 1385 1825 1427 omisso,

1074 1439 1224 1482 insertus,
1248 1445 1279 1474 et
1297 1439 1482 1473 huiusmodi
1498 1439 1662 1483 derogatio
1670 1439 1826 1473 consisto-

1073 1494 1196 1528 rialiter
1215 1494 1308 1535 sacta,
1332 1500 1363 1528 et.
1382 1505 1440 1538 per
1460 1494 1558 1527 trinas
1583 1493 1751 1527 distinctas
1769 1492 1822 1526 lit-

1073 1553 1169 1589 teras,
1192 1548 1340 1582 eumdem
1362 1555 1506 1581 tenorem
1527 1547 1740 1589 continentes,
1762 1546 1822 1580 tri-

1072 1601 1132 1635 bus
1153 1601 1311 1635 similibus
1331 1601 1488 1635 distinctis
1515 1601 1649 1641 vicibus,
1678 1599 1821 1634 custodi-

1071 1655 1143 1696 hus,
1166 1655 1343 1689 camerario
1360 1661 1390 1688 et
1409 1655 1479 1688 aliis
1499 1654 1690 1688 officialibus
1712 1653 1820 1688 archi-

1071 1709 1345 1743 consraternitatis
1366 1708 1554 1742 huiusmodi
1574 1707 1718 1752 legitime
1739 1706 1818 1741 insi-

1071 1770 1167 1796 nuata
1185 1770 1216 1796 et
1234 1763 1379 1796 intimata
1398 1762 1506 1803 suerit,
1529 1771 1708 1805 eorumque
1724 1761 1763 1794 ad
1786 1759 1819 1794 id

1071 1827 1238 1860 expressus
1258 1816 1389 1850 accedat
1408 1826 1566 1856 assensus,
1594 1814 1818 1859 derogationes

1069 1869 1256 1903 huiusmodi
1276 1869 1397 1903 nemini
1424 1868 1593 1913 suffragari
1618 1868 1756 1910 debere;
1786 1872 1819 1902 et

1068 1922 1094 1956 si
1114 1933 1152 1956 ac
1171 1923 1298 1967 quoties
1318 1923 1372 1956 illa
1391 1923 1500 1966 aliquo
1520 1922 1582 1956 alio
1602 1922 1699 1955 modo
1723 1931 1818 1955 revo-

1068 1975 1134 2009 cari
1154 1982 1210 2009 aut
1228 1977 1306 2010 alias
1326 1976 1372 2009 illi
1393 1976 1540 2020 derogari
1561 1975 1747 2019 contigerit,
1768 1980 1818 2009 to·
1838 2003 1841 2006 .

1067 2029 1126 2063 ties
1142 2029 1174 2062 in
1194 2029 1366 2074 pristinum
1384 2035 1501 2063 statum
1523 2029 1719 2070 restitutam,
1738 2028 1816 2063 etde

1067 2094 1150 2117 novo
1194 2084 1289 2117 etiam
1328 2084 1386 2117 sub
1423 2083 1592 2128 posteriori
1630 2084 1720 2124 data,
1757 2092 1817 2127 per

1066 2137 1247 2181 praedictos
1268 2137 1426 2178 custodes,
1454 2136 1669 2170 camerarium
1690 2141 1720 2169 et
1746 2135 1816 2169 offi-

1066 2191 1163 2224 ciales
1183 2191 1343 2235 eligenda,
1371 2201 1557 2224 concessam
1585 2195 1616 2223 et
1638 2189 1812 2223 stabilitam

1065 2254 1145 2278 esse.

1109 2300 1124 2342 §
1149 2297 1201 2331 12.
1228 2298 1266 2331 Et
1286 2297 1330 2331 sic
1351 2308 1408 2341 per
1432 2307 1654 2342 quoscumque
1673 2296 1809 2338 iudices,
1849 2303 1979 2326 Decretumi

1065 2352 1160 2385 etiam
1181 2363 1352 2385 causarum
1373 2351 1483 2384 Palatii
1503 2349 1676 2395 Apostolici
1715 2349 1811 2384 audi·

1064 2412 1148 2439 tores
1169 2417 1205 2439 ac
1225 2406 1338 2440 S.R.E.
1362 2405 1550 2445 cardinales,
1570 2404 1694 2438 sublata
1718 2402 1764 2437 eis
1778 2407 1811 2437 et

1064 2465 1177 2488 eorum
1198 2455 1330 2488 cuilibet
1350 2454 1460 2498 quavis
1479 2454 1572 2487 aliter
1595 2451 1759 2487 iudicandi
1778 2456 1810 2485 et

1063 2503 1294 2548 interpretandi
1316 2504 1464 2537 facultate
1477 2508 1507 2536 et
1527 2501 1809 2541 auetoritate‚ubi·

1063 2561 1125 2596 que
1152 2552 1287 2586 iudicari
1312 2558 1342 2586 ct
1370 2552 1498 2585 definiri
1519 2551 1657 2592 dcbere;
1679 2549 1805 2583 irritum

1062 2613 1192 2645 quoque
1207 2607 1264 2635 etc.
1291 2600 1450 2635 attentari.

1105 2651 1120 2694 ξ
1139 2650 1192 2685 13.
1206 2650 1460 2686 Volumusetiam
1473 2655 1503 2684 et
1515 2649 1704 2683 mandamus
1718 2647 1804 2693 quod

1822 2335 1897 2356 ritant.
