2059 3228
132 244 183 272 Aa.
203 245 231 273 c.
251 247 319 274 1578
371 244 434 279 ⁶226

165 1735 330 1758 Pmsiaentem

138 1765 206 1784 etiam
214 1764 280 1785 totius
285 1771 325 1786 eon

267 1797 331 1816 caput

139 1795 222 1815 gregat.

141 1819 298 1845 constituendi5

894 257 1075 284 nummum
1098 257 1258 283 Romanum

329 309 455 349 assumi,
478 314 508 342 et
531 309 713 342 imbui-satio
731 312 764 343 in
780 310 846 354 ipso
863 311 1059 350 monasterio,
1089 310 1132 343 ris
1145 311 1252 354 partis,
1266 310 1483 344 assistentibus
1496 312 1589 345 etiam
1597 311 1820 354 visitatoribus,

329 361 544 404 praesentibus
568 367 597 393 et
622 362 898 396 intervenientibus
911 373 967 406 pro
983 362 1061 395 veri·
1091 363 1255 395 decernere
1280 363 1400 403 debean
1423 373 1459 397 ac
1482 364 1515 396 in
1539 365 1690 407 regimine
1705 365 1824 399 utrius-

331 414 403 446 tatis
427 413 604 446 testimonio
628 415 738 447 ceteris
761 415 829 448 aliis
866 415 898 448 in
923 415 974 447 illo
997 425 1062 447 mo·
1091 425 1151 458 que
1175 415 1353 458 provinciae
1378 415 1507 458 quoties,
1545 417 1733 460 ubicumque
1755 416 1825 460 ipse

333 466 469 498 nasterio
494 467 775 508 commorantibus,
801 467 883 500 inter
905 477 982 510 quos
1005 468 1063 500 sal-

333 522 395 549 tem
419 524 552 559 quatuor
576 519 749 552 sacerdotes
787 520 993 552 interveniant
1029 530 1064 552 ex

335 569 396 602 alio
422 571 610 603 monasterio
636 572 775 611 vocandi,
793 572 817 604 si
842 572 874 604 in
897 582 933 604 eo
957 571 1064 604 haberi

334 633 397 655 non
421 628 576 665 poterunt,
600 623 678 663 fieri;
703 624 806 667 sicque
830 624 917 657 electi
940 623 1064 656 discreti

339 676 379 708 ad
401 675 570 718 capitulum
596 676 766 717 accessuri,
790 677 908 709 litteras
931 675 1066 709 testimo-

337 728 434 761 niales
460 727 552 761 fidem
576 728 723 762 facientes
745 730 783 763 de
806 730 944 773 legitima
960 739 1067 762 eorum

337 781 496 822 electione,
521 782 560 814 ab
584 782 729 815 omnibus
766 783 986 823 sacerdotibus,
1015 793 1068 815 seu

340 834 448 866 saltem
473 844 490 866 a
514 839 650 877 quatuor
672 845 790 874 eorum,
820 836 872 878 qui
898 836 1068 868 intervene-

337 885 401 918 rint
424 885 574 926 electioni‚
600 887 682 920 omni
699 888 814 920 invidia
837 893 866 921 et
890 889 1069 921 malevolen-

1096 468 1275 511 praesidens
1303 468 1498 508 interfuerit,
1522 468 1546 501 si
1571 469 1645 512 quid
1668 469 1824 512 agendum

1092 520 1159 560 erit,
1184 520 1248 563 ipsc
1272 520 1366 561 idem,
1390 521 1459 553 licet
1481 531 1517 554 ex
1538 531 1575 554 ea
1586 521 1745 565 provincia
1759 531 1824 555 non

1092 572 1210 613 existat,
1233 572 1437 606 nihilominus
1450 573 1571 607 assistat
1593 579 1623 607 et
1645 584 1750 607 vocem
1766 573 1824 607 ha—

1093 626 1173 666 beat,
1196 630 1227 659 et
1250 631 1409 669 tamquam
1432 631 1524 669 caput
1551 626 1713 659 universae
1749 636 1823 660 con-

1094 679 1285 722 gregationis
1308 678 1477 711 monachos
1501 678 1539 711 de
1560 679 1626 711 loco
1649 678 1689 711 ad
1721 679 1824 713 locum
1846 710 1848 713 ,

1096 737 1232 771 mutare,
1254 736 1284 765 et
1306 741 1340 764 ex
1363 730 1522 774 provincia
1546 731 1584 764 ad
1622 730 1824 774 provinciam,

1096 785 1243 829 legitimis
1265 784 1543 818 intervenientibus
1566 782 1675 825 causis,
1690 783 1826 817 auctori·-

1097 843 1158 871 tate
1180 837 1272 871 etiam
1290 837 1428 880 propria,
1444 841 1567 869 mittere
1578 835 1826 879 poss1t;illosque

1097 891 1140 924 sic
1165 896 1299 923 mutatos
1322 895 1352 923 et
1375 889 1542 922 mittendos
1554 887 1729 931 superiores
1745 887 1826 920 loco-

336 938 380 970 tia
405 939 605 980 cessantibus,
631 940 688 972 sub
712 941 874 983 utriusque
910 940 992 973 vocis
1017 951 1070 983 per
1097 955 1167 977 rum
1191 944 1318 987 perinde
1342 944 1490 987 recipere,
1506 953 1542 976 ac
1565 942 1590 975 si
1614 952 1631 974 a
1655 941 1828 974 definitori-

336 991 516 1024 sexennium
541 992 722 1034 privatione,
740 993 879 1034 omnino,
892 993 951 1026 nisi
968 993 1070 1036 aliqua

335 1043 416 1076 iusta
440 1044 477 1077 de
501 1055 603 1084 causa,
620 1046 762 1088 patribus
778 1046 1000 1089 capitularibus
1016 1057 1070 1079 no-

337 1097 487 1130 tificanda
510 1102 539 1130 et
565 1098 604 1131 ab
627 1098 671 1132 eis
687 1098 862 1140 iudicanda,
880 1106 1069 1133 recusarent,

338 1150 587 1191 subscribendas,
611 1157 641 1184 et
664 1163 771 1185 coram
796 1154 942 1195 praelato,
967 1153 1069 1186 statim

339 1207 444 1236 secuta
467 1203 623 1244 electione,
647 1204 847 1247 subscriptas,
879 1206 968 1238 aliter
1005 1205 1071 1238 sine

338 1256 449 1290 litteris
462 1257 638 1290 huiusmodi
652 1258 690 1291 ad
702 1259 871 1302 capitulum
885 1269 946 1291 non
961 1259 1070 1292 admit-

339 1311 434 1351 tendi,
458 1322 560 1344 secum
584 1311 704 1345 deferre
727 1316 758 1345 et
777 1312 902 1352 habere;
925 1322 961 1345 ac
976 1312 1070 1345 comi-

339 1363 383 1396 tia
418 1363 528 1397 deinde
565 1364 747 1407 capitularia
785 1365 876 1398 tertia
914 1365 1070 1398 dominica

339 1422 407 1460 post
451 1417 566 1450 Pascha
610 1417 855 1452 Resurrectionis
893 1419 1069 1452 huiusmodi

339 1469 499 1503 celebrari.
524 1470 569 1503 Ad
606 1471 722 1504 dictum
761 1478 863 1505 autem
901 1473 1070 1515 capitulum

340 1522 515 1555 visitatores
538 1527 566 1556 et
591 1523 703 1566 singuli
729 1525 855 1567 praelati
870 1526 1072 1558 monasterio-

341 1585 412 1607 rum
436 1585 489 1608 seu
512 1577 660 1617 locorum,
685 1589 755 1611 cum
794 1589 849 1611 suo
884 1579 1016 1611 discreto
1039 1582 1072 1610 ut

339 1630 515 1672 praefertur
538 1632 641 1671 electo,
666 1634 819 1667 accedere.

385 1685 400 1728 ἓ
422 1684 453 1717 5.
475 1685 656 1719 praesidens
679 1692 792 1725 autem,
816 1692 915 1720 aetate
936 1697 998 1719 non
1016 1686 1072 1720 mi-

341 1747 400 1770 nor
422 1739 513 1772 annis
536 1739 814 1782 trigintaquinque,
828 1741 879 1781 qui
894 1752 948 1784 per
964 1742 1072 1775 decen-

342 1791 430 1824 nium
454 1791 622 1825 sacerdotis
644 1793 744 1825 officio
768 1794 891 1827 functus
914 1795 1018 1835 suerit,
1043 1801 1070 1828 et

341 1856 405 1879 non
428 1846 532 1880 minus
555 1848 699 1880 sexennio
723 1848 754 1880 in
779 1850 964 1891 praelaturis
977 1850 1073 1882 hono-

340 1899 428 1932 rifice
451 1910 483 1932 se
506 1900 646 1941 gesserit,
671 1900 724 1942 qui
748 1900 840 1933 etiam
866 1901 1074 1944 pei-definito-

339 1963 390 1985 res
413 1953 568 1995 praelatus
591 1952 721 1986 alicuius
745 1954 925 1986 monasterii
950 1954 1075 1996 provin-

341 2005 407 2038 ciae
431 2005 462 2037 in
487 2015 548 2047 qua
571 2004 710 2046 regimen
734 2011 953 2047 commoratur,
993 2008 1074 2040 vide-

340 2058 408 2091 licet
432 2067 490 2099 pro
513 2056 673 2099 provincia
698 2057 825 2091 Tusciae
864 2059 895 2091 in
933 2060 1074 2102 partibus

338 2110 522 2151 Florentiae,
545 2112 654 2153 et'pro
678 2110 838 2153 provincia
872 2112 1074 2145 Lombardiae

340 2165 373 2197 in
396 2163 539 2207 partibus
562 2163 734 2204 Mediolani,
759 2164 985 2204 auctoritatem,
1010 2170 1072 2197 tam

340 2216 372 2249 in
397 2215 611 2259 spiritualibus
624 2227 717 2260 quam
740 2216 773 2248 in
795 2217 1072 2259 temporalibus,in

341 2270 486 2302 omnibus
501 2269 698 2302 monasteriis
707 2269 1072 2312 dictaecongiegationis,

341 2327 369 2354 et
393 2327 457 2354 tam
480 2321 513 2354 in
536 2322 690 2364 capitibus
709 2333 802 2364 quam
815 2322 847 2354 in
860 2322 1007 2354 membris
1020 2322 1074 2354 ha-

342 2374 465 2407 biturus
489 2369 588 2417 super
616 2373 795 2407 huiusmodi
834 2374 1075 2416 congregatione

343 2427 496 2466 similiter,
520 2428 665 2469 eligatur.
691 2426 772 2469 eligi;
796 2431 826 2459 et
862 2426 963 2458 dictus
986 2435 1074 2468 prae-

344 2479 448 2512 sidens
471 2490 578 2512 omnes
602 2480 755 2523 praelatos
783 2479 884 2511 dictae
906 2487 1074 2520 congrega-

344 2531 439 2564 tionis
463 2542 518 2574 pro
533 2532 764 2573 emergentibus
776 2531 876 2565 causis
889 2531 969 2563 intra
985 2541 1075 2563 suum

345 2586 515 2618 triennium
529 2595 707 2625 convocare,
731 2591 762 2619 et
783 2585 889 2618 omnia
904 2583 991 2616 utilia
1008 2583 1077 2615 uni-

347 2648 452 2670 versae
474 2638 719 2679 congregationi,
743 2637 781 2669 de
803 2646 958 2669 consensu
981 2634 1078 2667 maio-

1098 997 1155 1030 hus
1179 999 1293 1031 factum
1316 997 1404 1038 foret,
1428 1000 1603 1034 teneantur3
1627 993 1747 1037 ipsique
1770 991 1827 1026 soli

1098 1050 1287 1093 praesidenti
1311 1049 1349 1082 ad
1372 1049 1542 1082 Romanam
1571 1046 1705 1086 Curiam,
1731 1044 1827 1078 etiam

1083 1112 1162 1142 :non
1178 1102 1283 1135 habita
1300 1112 1317 1134 a
1332 1101 1484 1144 regimine
1496 1099 1628 1140 licentia,
1641 1098 1692 1131 sed
1706 1102 1828 1130 tantum

1099 1155 1258 1188 notificato
1280 1154 1367 1198 prius
1397 1164 1453 1187 suo
1490 1163 1622 1193 recesm,
1661 1149 1828 1184 accedendi

1098 1210 1137 1242 sit
1160 1208 1335 1247 auctoritas3
1359 1211 1390 1240 et
1411 1205 1541 1249 singulis
1563 1204 1651 1238 annis
1688 1213 1760 1236 cum
1781 1201 1828 1235 vi-

1099 1261 1279 1294 sitatoribus
1302 1260 1340 1293 ad
1365 1259 1572 1292 visitationem
1609 1268 1642 1291 se
1675 1256 1828 1297 conferre,

1098 1314 1190 1347 etiam
1215 1323 1323 1345 causas
1346 1311 1513 1344 terminare
1535 1321 1571 1344 ac
1593 1309 1743 1350 decidere,
1756 1318 1829 1341 nec·

1098 1377 1171 1407 non,
1195 1365 1390 1408 congregatis
1423 1364 1569 1397 omnibus
1605 1361 1828 1406 capitularibus

1098 1420 1269 1463 aequaliter
1292 1429 1397 1451 vocem
1421 1422 1451 1450 et
1474 1416 1657 1459 suffragium
1687 1413 1829 1447 habenti-

1098 1474 1165 1514 bus,
1188 1472 1329 1505 ordinem
1352 1475 1534 1503 consuetum
1556 1478 1664 1501 omnes
1685 1465 1831 1500 officiales

1099 1531 1129 1559 et
1151 1535 1183 1557 se
1206 1524 1307 1568 ipsum
1331 1521 1509 1555 absolvendi
1532 1530 1654 1554 servare
1675 1518 1795 1551 debeat.

1141 1579 1155 1621 §
1177 1577 1206 1613 6.
1230 1577 1265 1609 Et
1287 1576 1312 1608 si
1336 1573 1528 1618 praedictum
1541 1572 1768 1616 praesidentem
1782 1569 1831 1602 in-

1100 1638 1148 1665 tra
1170 1640 1260 1663 suum
1286 1627 1455 1661 triennium
1479 1625 1626 1658 decedere
1659 1622 1830 1664 contingat,

1100 1684 1178 1717 alius
1201 1680 1381 1725 praesidens
1404 1679 1437 1711 in
1461 1677 1542 1710 illius
1565 1677 1677 1716 locum,
1701 1684 1771 1707 cum
1787 1673 1829 1707 si—

1101 1737 1165 1769 mili
1189 1739 1351 1779 potestate,
1365 1732 1403 1765 ad
1415 1731 1556 1775 proxime
1579 1728 1719 1761 futurum
1733 1735 1833 1769 usque

1100 1789 1269 1832 capitulum
1293 1791 1368 1818 tunc
1391 1784 1569 1822 duraturus,
1592 1791 1647 1824 per
1669 1778 1834 1836 duodecim

1100 1848 1204 1886 patres
1226 1837 1390 1882 regiminis
1413 1836 1575 1878 utriusque
1598 1831 1835 1877 provinc-iaem-

1102 1895 1194 1928 simul
1209 1895 1422 1934 congregatos,
1446 1893 1476 1921 et
1499 1887 1537 1920 de
1549 1895 1699 1919 consensu
1712 1883 1837 1916 illorum

1102 1947 1243 1980 omnium
1267 1955 1321 1977 seu
1344 1943 1451 1975 saltem
1474 1946 1543 1973 octo
1566 1950 1600 1972 ex
1624 1938 1694 1976 illis,
1710 1935 1792 1979 eligi.

1146 2000 1160 2042 ἓ
1184 1998 1213 2031 7.
1230 1998 1393 2030 Praeterea
1409 1994 1470 2026 duo
1487 1996 1684 2030 scrutatores,
1698 1988 1751 2032 qui
1767 1992 1839 2021 vota

1103 2051 1218 2094 scripta
1242 2049 1274 2081 in
1298 2045 1453 2081 schedulis
1473 2044 1668 2087 singulorum
1685 2041 1837 2075 vocalium

1103 2105 1140 2136 de
1165 2100 1383 2136 definitoribus
1405 2096 1556 2140 eligendis
1573 2094 1726 2139 aperiant,
1741 2098 1771 2127 et
1787 2103 1838 2126 su-

1102 2167 1158 2201 per
1175 2155 1233 2188 illis
1249 2151 1435 2187 scrutinium
1447 2150 1572 2190 saciant,
1585 2146 1734 2191 praestito
1749 2145 1838 2189 prius

1105 2219 1210 2243 coram
1234 2206 1380 2241 omnibus
1403 2204 1578 2236 iuramento
1592 2200 1629 2233 de
1641 2198 1772 2232 veritate
1787 2206 1838 2229 re—

1102 2261 1228 2295 serenda
1251 2264 1279 2292 et
1304 2257 1454 2291 servanda
1478 2254 1621 2294 fideliter,
1645 2262 1701 2295 pro
1740 2249 1838 2293 quali-

1103 2315 1156 2347 bet
1180 2313 1337 2357 provinca,
1361 2310 1446 2342 iuxta
1469 2307 1604 2346 solitum,
1628 2305 1669 2338 ab
1691 2302 1839 2337 omnibus

1104 2365 1328 2410 capitularibus
1351 2363 1432 2406 eligi,
1457 2361 1511 2405 qui
1536 2370 1610 2392 casu
1638 2368 1699 2401 quo
1727 2356 1838 2389 fefelle-

1103 2420 1175 2460 rint,
1200 2419 1266 2461 ipso
1290 2416 1370 2449 sacto
1404 2409 1730 2449 excommunicationis
1767 2418 1838 2441 sen-

1103 2473 1244 2509 tentiam,
1268 2480 1286 2503 a
1309 2479 1370 2512 qua
1393 2466 1518 2500 nonnisi
1533 2465 1566 2498 in
1583 2463 1691 2496 mortis
1707 2461 1838 2494 articulo

1104 2539 1121 2561 a
1147 2524 1343 2570 praesidente
1366 2521 1413 2554 vel
1435 2520 1474 2553 ah
1497 2529 1544 2557 eo,
1568 2517 1618 2550 cui
1641 2516 1706 2559 ipse
1722 2513 1839 2571 praesi-

1105 2580 1181 2612 dens
1205 2587 1293 2610 suam
1331 2572 1547 2608 auctoritatem
1585 2569 1838 2610 subdelegaverit,

1105 2631 1220 2665 absolvi
1245 2629 1372 2673 possint,
1386 2627 1418 2660 in
1431 2627 1498 2659 foro
1514 2621 1717 2658 conscientiae
1735 2619 1839 2652 incur-

1832 249 1931 279 aec.
1955 225 1973 285 s

1873 1570 1947 1597 quue

1839 1600 1957 1620 menni-m
1990 1621 1999 1623 ξ

1839 1626 1947 1651 cedente,
1981 1626 2002 1653 ,ὲ

1841 1653 1889 1672 elus
1911 1652 1958 1672 loeo
1968 1664 1976 1677 5
1987 1661 2000 1676 χ

1840 1684 1883 1702 que
1897 1678 1924 1697 nd
1941 1676 2012 1702 enfl-

1840 1700 2015 1730 lumfluffluhffl

1988 1975 2009 1992 c.

1849 2020 1905 2040 duo·
1926 2024 1976 2038 eum
1988 2014 2025 2042 β-

1846 2046 1926 2066 cultata
1950 2043 2001 2064 uer*

1845 2072 1949 2092 nunciata
1960 2059 2025 2114 ἰᾲέ·

1845 2099 1916 2125 undu

2002 2411 2007 2421 u
1987 2339 2010 2400 '³4⁴
1989 2168 2014 2333 *tw-¹⁴:20·
1987 2108 2008 2160 u*
