2059 3228
59 0 173 102 Γ

68 167 82 181 ’ἱ

207 276 405 319 terpretandi
426 277 574 313 facultate
595 283 624 313 et
641 279 842 320 auctoritate,
865 279 948 312 iudi-

207 327 273 361 cari
293 334 323 361 et
337 328 464 363 definiri
485 330 617 372 debcre;
636 331 760 365 irritum
773 343 903 376 quoquc
918 338 946 366 et

152 412 158 418 .
178 388 189 399 ·
205 381 312 423 inane,
326 382 351 415 si
367 394 460 416 secus
475 385 630 429 superhis
646 396 663 418 a
677 396 851 429 quoquam,
872 397 950 430 qua-

205 434 250 469 vis
259 436 659 477 auctoritate,scicntervot
673 439 950 482 ignoranter,eon-

164 512 172 520 .
205 487 312 532 tigerit
327 491 486 524 attentari.

248 541 264 586 §
288 541 319 575 5.
346 543 415 576 Non
433 545 947 589 obstantibuslittei-ispi‘aedictis,

113 594 323 640 1„,‚0.quibus
342 607 379 629 ac
398 598 549 630 omnibus
572 598 653 637 aliis,
667 609 749 641 quac
764 599 948 642 praemissis

203 648 314 682 obesse
335 656 474 693 possent,
493 651 676 695 specialiter
696 657 723 684 et
738 662 883 695 expresse
895 652 948 685 de-

202 703 544 746 rogamus‚eeterisque
557 704 724 737 contrariis
737 705 948 747 quibuscum-

202 765 277 799 que.
299 755 454 789 Volumus
473 763 581 790 autem
601 758 687 801 quod
712 758 817 791 dictus
840 758 947 792 visita-

202 813 254 842 tor
281 809 458 852 eligendus,
481 810 564 843 infra
587 811 668 844 duos
694 822 819 844 menses
845 823 863 844 a
896 812 948 846 die

201 867 279 892 suae
304 859 470 892 electionis
502 861 746 904 computandos,
774 861 946 894 confirma-

202 907 324 941 tionem
345 908 510 942 electionis
540 910 725 943 huiusmodi
754 921 772 943 a
800 910 947 944 ministro

201 957 343 1000 generali
363 957 401 991 de
421 957 626 992 Observantia
636 965 745 1003 petere
757 960 888 992 omnino
904 965 948 993 te-

201 1060 284 1098 gata,
294 1055 378 1089 idem
398 1057 541 1090 visitator
559 1057 656 1090 Tertii
672 1057 800 1091 Ordinis
819 1066 947 1101 aposto-

60 1104 77 1155 ἱι’
183 1103 262 1137 *lica
290 1105 481 1138 auctoritate
513 1106 722 1145 confirmatus
756 1112 944 1146 censeatur3

82 1148 83 1151 '
200 1153 352 1197 quodque
376 1153 479 1187 dictus
503 1155 649 1187 minister
676 1154 714 1187 de
743 1154 946 1188 Observantia

199 1212 259 1246 per
277 1213 310 1235 se
327 1203 432 1246 ipsum
454 1204 626 1244 dumtaxat,
648 1214 712 1237 una
733 1215 806 1237 cum
821 1204 947 1237 duobus

199 1251 270 1285 aliis
289 1252 339 1285 sui
359 1251 485 1285 Ordinis
504 1253 751 1296 professoribus,
769 1253 869 1296 possit
883 1253 947 1286 sin-

198 1300 275 1344 gulo
294 1301 508 1344 quadriennio
529 1309 599 1345 post
622 1303 837 1335 visitationem
858 1313 876 1335 a
898 1302 945 1334 ri-

199 1349 329 1383 sitatore
348 1350 445 1383 Tertii
469 1350 595 1385 Ordinis
615 1352 803 1384 huiusmodi
815 1352 942 1393 sac-tam,

199 1403 232 1432 et
244 1409 310 1432 non
333 1405 419 1440 ante,
440 1400 581 1433 Tertium
602 1400 753 1434 Ordinem
775 1411 811 1433 ac
822 1400 944 1441 fratres,

199 1447 324 1489 domos,
341 1449 424 1490 loca,
446 1459 496 1482 res
517 1455 548 1482 et
573 1450 658 1482 bona
682 1449 944 1492 praedictas-isi-

199 1499 278 1537 tare,
300 1506 415 1540 eaque,
437 1502 499 1530 tam
521 1497 553 1530 in
571 1498 673 1541 capite
689 1509 785 1541 quam
800 1498 944 1532 inmem-

197 1544 266 1578 bris
283 1551 382 1589 prout
404 1552 624 1590 opportunum
645 1547 750 1587 suerit,
778 1547 864 1580 iuxta
893 1559 943 1581 re-

197 1595 323 1638 gularia
345 1596 487 1630 instituta
509 1597 584 1630 dicti
605 1597 701 1631 Tertii
722 1597 860 1639 Ordinis,
875 1609 945 1632 cor-

197 1643 304 1688 rigere
321 1650 352 1678 et
370 1646 541 1679 moderari.

43 1703 186 1733 nnn-pu>-
240 1693 257 1737 ἓ
279 1693 311 1727 6.
333 1695 377 1728 Ac
396 1695 483 1738 quod
503 1696 722 1739 praesentium
735 1697 943 1742 transumptis

60 1735 122 1758 ¹¹⁶²
198 1746 256 1776 etc.

241 1791 355 1825 Datum
379 1792 499 1827 Romae
519 1795 605 1838 apud
624 1795 776 1829 Sanctum
797 1796 939 1836 Petrum,

196 1839 257 1873 sub
286 1842 406 1875 annulo
439 1843 620 1885 piscatoris,
655 1844 705 1877 die
738 1854 809 1877 xxix
836 1845 941 1878 martii

196 1899 364 1931 nnnxxxw,
389 1892 595 1936 pontificatus
617 1894 717 1926 nostri
738 1904 821 1927 anno
842 1905 863 1927 1.

249 1948 314 1979 Dat.
331 1949 379 1979 die
392 1949 430 1980 29
445 1951 543 1981 martii
560 1952 646 1987 1586,
664 1952 765 1991 pontis.
782 1961 858 1982 anno
873 1961 893 1982 1.

595 2016 642 2024 —-

59 1218 74 1276 f

196 2138 396 2183 Resormatio
419 2141 515 2184 officii
538 2145 567 2173 et
591 2143 875 2174 emolumentorum
893 2152 940 2174 sc·

241 2189 374 2222 crelarii
388 2189 553 2223 domestici
565 2189 694 2223 Summi
703 2190 843 2223 Romani
853 2190 940 2222 Pon·-

243 2237 358 2280 tificss,
384 2248 455 2270 cum
480 2238 681 2271 indultorum
701 2240 823 2278 coIIcqz'i
845 2250 941 2272 secre-

241 2287 402 2320 tariorum
419 2289 614 2320 concessione
631 2293 658 2320 et
680 2289 891 2331 tmtpliutione
911 2288 937 2321 ¹.

187 2383 190 2385 Α
239 2357 334 2386 Sixtus
344 2358 414 2393 Papa
424 2358 454 2390 V.
469 2359 502 2386 ad
511 2361 670 2394 perpetuam
680 2359 720 2386 rei
730 2359 897 2387 memoriam.

240 2418 376 2452 Romani
396 2419 560 2453 Pontificis
580 2421 780 2463 providentia
804 2421 942 2454 circum-

217 2478 245 2512 ‘1
262 2466 302 2512 fle
316 2485 491 2513 institutione
507 2489 533 2513 et
548 2487 713 2514 extensione
733 2486 796 2514 dicti
822 2487 940 2522 collegii,

198 2531 227 2556 et
239 2529 274 2556 de
289 2529 380 2557 officio
396 2530 481 2558 huius
507 2531 660 2563 secretarii.
681 2535 707 2558 et
735 2532 941 2559 emolumento-

197 2579 261 2600 rum
274 2573 446 2609 elargitione
455 2575 517 2602 vide
534 2575 688 2602 Innocentii
699 2575 757 2603 vul
772 2575 878 2604 bullam
893 2582 940 2609 xv,

198 2616 260 2646 Non
277 2617 362 2654 debet,
381 2621 448 2647 tom.
471 2625 496 2654 v,
516 2626 579 2654 pag.
594 2619 655 2648 330.

864 227 966 250 Slel'S
985 227 1004 249 V
1021 227 1070 250 PP.

108 1001 145 1038 Ὀ
201 1011 336 1048 neatur;
358 1018 422 1051 qua
449 1008 547 1051 petita
573 1015 601 1041 et
631 1009 762 1042 obtenta
780 1009 828 1041 vel
849 1010 944 1043 dene·
966 1016 968 1023 '

1629 214 1692 246 685

990 283 1098 322 specta
1109 288 1145 311 ca
1169 289 1412 322 nonnumquam
1434 278 1547 311 alterat
1570 282 1600 311 et
1620 277 1737 311 immu-

990 336 1044 370 tat,
1067 341 1161 374 quae,
1184 342 1305 372 rerum,
1324 338 1507 375 temporum
1528 341 1563 364 ac
1581 341 1734 375 persona-

990 394 1061 417 rum
1082 383 1234 427 qualitate
1252 390 1400 428 pensata,
1412 385 1459 417 vel
1481 383 1607 418 evidens
1626 385 1738 418 suadet

990 436 1109 469 utilitas
1128 437 1175 469 rel
1194 438 1275 479 cogit
1298 438 1469 471 necessitas
1481 437 1660 471 reformari.
1682 438 1734 472 In-

990 489 1127 524 dustrios
1137 500 1266 533 quoque
1281 497 1311 524 ct
1323 492 1470 525 doctrina
1485 492 1636 536 probatos
1652 493 1735 526 viros

990 543 1168 577 honoribus
1188 550 1219 577 et
1229 545 1387 578 favoribus
1397 546 1603 589 prosequitur
1615 557 1734 591 oppor-

989 597 1086 638 tunis,
1110 603 1207 641 prout
1226 598 1384 641 conspicit
1402 598 1434 631 in
1449 599 1583 633 Domino
1596 599 1734 633 salubri-

990 656 1038 684 ter
1061 650 1222 694 expedire.

1032 703 1092 746 {1-
1116 704 1209 744 Sane,
1232 704 1307 738 licet
1326 704 1403 737 alias
1424 705 1525 739 felicis
1538 707 1736 741 recordatio·
1796 711 1870 749 tnpoe.
1885 712 1932 735 V¹¹¹

989 757 1038 790 nis
1056 757 1264 791 Innocentius
1283 759 1367 802 Papa
1388 765 1528 801 octavus,
1546 762 1734 804 praedeces·
1748 744 1933 798 ξῗὲιιῖἷῖἓᾞιωεξῖ

988 820 1041 847 sor
1060 816 1180 851 noster,
1198 811 1371 854 collegium
1389 812 1579 845 dilectorum
1592 813 1732 847 tiliorum
1747 807 1824 833 ''⁰⁵¹⁰''
1854 809 1931 834 ‘'²¹¹‘’

1748 843 1821 858 eorum
1855 844 1931 860 nume·

988 863 1235 896 secretariorum
1267 865 1518 908 apostolicorum
1545 866 1730 909 instituerit,
1747 870 1929 928 ἑζᾞξεῐζξξυίζὲ·

988 922 1018 949 et
1041 923 1130 950 certo
1150 922 1226 950 tunc
1246 927 1396 961 expresso
1416 919 1625 961 probatorum
1651 920 1733 954 vlro-
1747 937 1800 952 nuos
1834 933 1930 953 tedanus

988 981 1059 1003 rum
1078 981 1228 1011 numero,
1251 970 1305 1013 qui
1326 976 1355 1004 et
1372 971 1534 1005 Romanae
1549 972 1662 1007 Curiae
1679 974 1732 1008 de·
1746 963 1931 1021 ἶζῖἷῖῗξζζέεῐζῑῖ

987 1024 1054 1056 cori
1073 1029 1169 1067 atque
1193 1029 1382 1057 ornamento
1403 1030 1518 1065 essent,
1540 1036 1577 1058 ac
1602 1027 1732 1071 expedi·
1746 1024 1930 1082 ggpuffzffffifffi

989 1077 1065 1110 tioni
1085 1076 1230 1109 brevium
1247 1082 1276 1109 et
1296 1077 1431 1110 aliarum
1453 1077 1632 1112 litterarum
1654 1090 1732 1123 apo·
1746 1088 1884 1122 secretarium
1893 1088 1930 1109 «¹⁰-

986 1130 1182 1169 stolicarurn,
1203 1142 1285 1175 quae
1312 1141 1370 1175 per
1398 1131 1585 1165 secretarios
1605 1139 1732 1177 aposto·
1747 1121 1864 1139 'mmm'

987 1184 1065 1217 licos
1084 1185 1225 1228 expediri
1248 1190 1491 1226 consueverant,
1506 1187 1689 1220 accuratius
1702 1192 1733 1221 et

986 1237 1171 1281 diligentius
1191 1238 1403 1279 attenderent,
1419 1244 1564 1272 constare
1582 1240 1730 1274 voluerit:

986 1291 1154 1336 eidemque
1163 1292 1297 1336 collegio
1306 1292 1520 1326 etsecretariis
1528 1293 1669 1328 diversos
1678 1305 1732 1328 an-

986 1355 1067 1378 nuos
1086 1345 1230 1379 redditus
1257 1351 1287 1378 et
1306 1346 1536 1387 emolumenta,
1557 1346 1642 1380 inter
1664 1348 1730 1380 sin-

985 1399 1076 1442 gulos
1100 1399 1289 1433 secretarios
1312 1410 1372 1444 pro
1391 1406 1536 1443 tempore
1562 1401 1730 1435 existentes

984 1453 1096 1496 aequis
1124 1453 1327 1496 portionibus
1355 1453 1526 1487 dividenda
1559 1460 1590 1488 et
1622 1455 1729 1488 distri-

984 1506 1125 1547 buenda,
1151 1506 1369 1550 assignaverit,
1383 1512 1414 1540 et
1429 1506 1460 1540 in
1475 1507 1647 1550 quinterno
1660 1509 1730 1543 eius

985 1570 1083 1593 manu
1102 1560 1284 1603 subscripto
1304 1560 1451 1593 adnotari
1462 1561 1671 1595 mandaverit.
1683 1563 1729 1595 Ita

985 1619 1090 1647 tamen
1110 1614 1197 1657 quod
1215 1613 1327 1647 liceret
1343 1613 1403 1658 ipsi
1423 1614 1610 1648 Innocentio
1623 1620 1653 1648 et
1668 1625 1728 1658 pro

985 1673 1128 1710 tempore
1148 1667 1292 1700 existenti
1316 1667 1459 1700 Romano
1478 1668 1728 1708 Pontifici‚ultra

983 1731 1156 1754 numerum
1189 1721 1228 1754 ab
1257 1732 1294 1754 eo
1324 1727 1399 1754 tunc
1419 1722 1666 1766 praescriptum,
1687 1733 1726 1755 u-

983 1785 1060 1808 num
1076 1774 1297 1816 secretarium,
1311 1775 1522 1808 domesticum
1534 1786 1725 1819 nuncupan-

983 1829 1072 1870 dum,
1094 1828 1225 1870 habere,
1247 1829 1303 1873 qui
1321 1839 1378 1862 sua
1398 1834 1429 1862 et
1443 1828 1603 1862 Romanae
1614 1830 1724 1864 Eccle-

982 1881 1047 1915 siae
1065 1882 1195 1925 negotia
1214 1888 1335 1915 secreta
1355 1887 1410 1915 aut
1429 1882 1623 1915 orthodoxae
1652 1883 1725 1916 fidei

982 1941 1099 1968 statum
1129 1935 1356 1970 concernentia
1383 1936 1548 1968 dumtaxat
1578 1936 1727 1980 expedire

981 1996 1089 2033 posset
1117 1996 1147 2023 et
1177 1990 1320 2029 deberet;
1342 1989 1474 2033 quique,
1496 1989 1622 2023 duabus
1641 1989 1726 2023 inte-

981 2044 1046 2087 gris
1074 2044 1278 2088 portionibus
1307 2043 1465 2077 dictorum
1493 2043 1728 2077 emolumento-

981 2108 1053 2130 rum
1070 2098 1154 2130 ultra
1180 2107 1353 2130 numerum
1383 2096 1579 2139 collegarum
1608 2096 1727 2130 sacien-

981 2151 1030 2184 dis
1050 2156 1229 2190 contentus,
1252 2150 1290 2182 ab
1315 2149 1464 2183 omnibus
1475 2154 1505 2182 et
1515 2148 1726 2192 singulisaliis

982 2205 1207 2237 emolumentis
1236 2210 1265 2238 et
1295 2202 1553 2246 expeditionibus
1583 2202 1723 2236 officium

982 2258 1228 2291 secretariorum
1247 2256 1490 2300 quomodolibet
1500 2257 1725 2290 concernenti-

981 2312 1040 2345 bus
1059 2311 1187 2354 penitus
1211 2310 1394 2343 abstineret.
1694 2333 1708 2346 0

1024 2365 1039 2408 ξ
1064 2365 1094 2398 Ξ.
1118 2364 1357 2397 Etrecolendae
1368 2362 1629 2397 memoriaePius
1640 2363 1726 2407 Papa
1765 2383 1846 2406 ρης,
1861 2391 1922 2412 ΡΜ,

1750 221 1802 250 Au.
1819 220 1848 249 C.
1866 219 1935 250 ¹586

959 2419 962 2430 ¹
980 2415 1015 2455 Y,
1038 2414 1132 2447 etiam
1154 2414 1381 2457 praedecessor
1399 2418 1518 2453 noster,
1535 2418 1606 2456 post
1623 2413 1725 2446 diver·
1739 2415 1795 2436 ⁶1⁰¹³
1812 2417 1922 2438 mmm-

1738 2447 1775 2467 vit.

981 2474 1032 2497 sos
1051 2464 1130 2496 alios
1149 2463 1310 2496 Romanos
1326 2461 1508 2502 Pontifices,
1523 2462 1618 2495 etiam
1630 2473 1724 2505 prae-

982 2513 1164 2545 decessores
1183 2517 1320 2551 nostros,
1342 2517 1418 2544 tunc
1438 2521 1523 2551 suos,
1541 2510 1661 2544 litteras
1672 2511 1724 2544 In-

982 2561 1120 2594 nocentii
1141 2559 1395 2605 praedecessoris
1414 2559 1547 2603 praefati
1563 2560 1723 2604 approba-

981 2610 1061 2644 verit
1079 2615 1109 2643 et
1134 2609 1373 2643 confirmaverit
1391 2619 1429 2643 ac
1445 2608 1541 2643 etiam
1555 2608 1724 2643 innovave-
