2059 3228
45 102 77 121 .i.

25 265 38 294 ¹..
54 262 119 295 1579

27 6 30 10 ,
128 0 186 9 vu·-

219 17 225 25 n

24 0 157 78 W·

45 76 78 90 αι’

725 258 898 283 sint-:nonius
918 258 969 282 ΧΠ]
992 257 1038 282 ΡΡ.

129 315 223 356 dicta,
241 319 351 349 tenore
369 314 599 359 praesentium,
622 318 779 357 quatenus
807 313 866 345 sint

129 369 163 403 in
178 379 237 402 usu
255 374 285 402 et
304 369 403 401 saeris
423 368 601 402 canonibus
623 378 659 399 ac
683 367 869 399 Tridentino

129 422 265 457 concilio
286 432 352 455 non
383 422 555 459 contraria,
586 421 803 464 approbamus
840 426 866 451 et

129 474 369 515 confirmamus,
383 486 419 508 ac
439 474 617 518 praesentis
635 473 747 517 scripti
765 478 871 517 patro-

130 527 213 562 cinio
231 528 481 561 communimus.

172 580 234 624 §9-
258 580 413 614 Volumus
435 586 541 613 autem
571 579 656 624 quod
691 581 871 623 praedictae

108 633 305 684 mundinae,
326 645 408 677 quae
426 634 504 667 alias
528 644 586 677 per
612 638 683 666 octo
714 632 782 665 dies
798 638 871 664 ante

92 691 161 722 ·.et.
185 697 242 731 per
267 687 399 720 totidem
426 692 497 730 post
523 688 638 719 festum
668 686 872 718 pentecostes

129 745 160 776 ‘et
174 739 350 774 Nativitatis
367 740 481 774 Beatae
498 740 614 773 Mariae
637 739 748 772 haberi
769 744 800 771 et
819 749 872 771 ce-

129 790 246 828 lebrari
264 799 509 833 consueverunt,
526 793 565 825 de
578 796 683 825 cetero
698 803 756 836 per
766 793 874 836 sexde-

130 846 190 881 cim
209 846 304 880 etiam
322 847 390 885 dies
412 845 556 891 qualibet
575 848 653 886 viee,
674 844 777 889 prima
798 856 872 878 vero

129 909 187 944 per
203 905 343 944 quatuor
359 905 431 934 ante
448 905 479 932 et
492 898 661 933 duodeeim
673 904 743 943 post
757 898 871 931 festum

130 950 343 994 pentecostes,
358 953 456 986 altera
466 962 540 985 vero
550 951 675 985 vicibus
685 951 873 985 huiusmodi

131 1003 169 1040 de
193 1016 304 1039 mense
328 1005 530 1049 septembris,
554 1005 703 1038 sin‘iiliter
720 1016 777 1048 per
796 1016 874 1048 qua-

131 1061 204 1092 tuor
219 1063 293 1092 ante
317 1064 348 1092 et
370 1058 540 1092 duodecim
572 1059 640 1092 dies
663 1057 784 1091 similes
804 1064 876 1101 post

132 1111 326 1145 dominicam
346 1111 532 1144 immediate
549 1117 737 1155 sequentem
758 1112 874 1144 festum

131 1164 307 1199 Nativitatis
321 1165 436 1198 Beatae
459 1165 575 1198 Mariae
596 1164 733 1207 Virginis
762 1164 875 1197 huius-

134 1218 240 1260 modi,
277 1219 363 1252 ultra
396 1218 464 1252 dies
494 1218 527 1251 in
560 1218 717 1251 honorem
754 1218 809 1251 Dei
846 1223 877 1250 et

132 1269 217 1304 illius
236 1276 420 1305 sanctorum
441 1271 582 1311 feriatos,
616 1271 641 1303 si
663 1271 718 1314 qui
739 1271 876 1304 interve-

133 1323 250 1364 nerint,
272 1330 446 1357 occurrant
468 1322 598 1357 durare.

176 1377 192 1421 5
221 1376 275 1411 10.
306 1377 521 1410 Decernentes
551 1382 738 1420 praesentes
754 1377 877 1410 litteras

133 1430 222 1464 nullo
238 1441 394 1474 umquam
421 1435 566 1474 tempore
594 1430 634 1462 de
662 1430 879 1474 subreptionis

133 1483 181 1517 vel
196 1483 397 1527 obreptionis
419 1483 507 1523 vitio,
530 1488 584 1515 aut
610 1483 796 1516 intentionis
819 1494 877 1517 no-

133 1541 217 1570 strae
234 1536 363 1581 velatio
385 1535 537 1580 quopiam
558 1536 701 1576 defectu,
728 1542 760 1569 et
779 1547 815 1570 ex
841 1547 878 1570 eo

134 1589 220 1634 quod
239 1589 392 1623 interesse
409 1589 517 1622 forsan
534 1589 689 1622 habentes
709 1590 748 1622 ad
766 1590 798 1623 id
823 1601 879 1623 vo-

67 1651 78 1668 -·
134 1642 197 1676 cati
213 1653 278 1675 non
295 1642 424 1682 suerint,
442 1643 489 1674 vel
517 1652 553 1674 ex
579 1653 785 1686 quacumque
818 1643 881 1677 alia

136 1705 230 1729 causa
254 1695 375 1737 notari,
402 1694 586 1739 impugnari
618 1695 667 1728 vel
698 1695 877 1738 invalidari,

136 1747 247 1781 autin
279 1747 330 1781 ius
370 1748 419 1781 vel
457 1748 706 1781 controversiam
738 1749 880 1782 revocari

136 1801 320 1834 nullatenus
341 1811 454 1844 posse3
481 1811 600 1844 easque
630 1801 690 1834 sub
716 1802 881 1845 quibusvis

138 1852 290 1887 similium
310 1854 359 1887 vel
378 1853 580 1887 dissimilium
599 1854 775 1897 gratiarum
793 1865 883 1889 revo-

139 1906 331 1948 cationibus,
368 1907 646 1950 suspensionibus,
678 1908 881 1941 limitationi-

139 1958 200 1992 bus
220 1964 276 1992 aut
307 1959 379 1992 aliis
415 1959 584 1992 contrariis
618 1960 883 2003 dispositionibus

140 2022 159 2045 a
173 2011 264 2045 nobis
287 2017 328 2045 et·
341 2012 579 2046 successoribus
595 2013 712 2046 nostris
731 2014 882 2048 Romanis

140 2063 348 2098 Pontificibus
368 2076 425 2098 seu
449 2065 534 2099 dieta
557 2065 638 2099 Sede
663 2071 717 2099 aut
740 2066 826 2100 illius
840 2067 884 2101 le-

141 2117 221 2160 gatis
242 2118 293 2151 vel
324 2117 463 2159 nunciis,
486 2118 583 2152 etiam
614 2119 653 2152 de
681 2120 791 2160 latere,
824 2131 883 2164 pro

142 2173 286 2213 tempore
314 2171 484 2212 emanans,
519 2171 702 2204 nullatenus
734 2183 883 2216 eompre-

91 2263 93 2265 .
142 2221 249 2263 hendi,
270 2223 325 2255 sed
353 2234 480 2267 semper
506 2224 546 2257 ab
573 2224 637 2257 illis
668 2230 827 2269 exceptas,
854 2231 885 2259 et

143 2275 268 2318 quoties
286 2275 360 2309 illae
385 2277 593 2317 emanabunt.
612 2278 707 2311 toties
724 2278 755 2311 in
778 2279 886 2322 pristi-

143 2337 221 2361 num
253 2333 285 2361 et
308 2339 395 2369 eum,
416 2329 449 2361 in
466 2340 529 2373 quo
560 2336 733 2374 antequam
754 2342 884 2365 emana-

117 2397 119 2400 ·
144 2386 215 2414 rent
241 2387 344 2421 erant,
371 2387 487 2415 statum
511 2383 694 2426 restitutas,
729 2386 885 2429 repositas

145 2439 175 2467 et
202 2435 347 2478 plenarie
366 2435 580 2478 reintegratas
597 2448 666 2470 esse
696 2443 727 2471 et
743 2439 822 2476 sore,
850 2450 886 2472 ac

145 2481 264 2516 eisdem
283 2483 384 2528 priori
404 2489 435 2516 et
452 2483 602 2517 fratribus
621 2486 807 2528 suffi‘agari3
830 2487 888 2520 sic-

146 2539 208 2573 que
228 2541 286 2574 per
308 2542 531 2576 quoscumque
559 2531 682 2566 iudices
706 2534 888 2568 ordinarios

147 2578 196 2610 vel
224 2579 408 2623 delegatos,
440 2580 536 2613 etiam
576 2592 745 2614 causarum
777 2583 888 2615 Palatii

147 2625 319 2670 Apostoliei
339 2629 500 2662 auditores
521 2640 557 2661 ae
574 2629 605 2663 S.
629 2630 665 2663 R.
686 2631 720 2663 E.
745 2631 890 2665 cardina—

225 2675 300 2706 Ball,
318 2677 394 2707 Rom.
421 2677 474 2707 Vol.
502 2678 572 2707 VIII.
733 2679 771 2709 38

1548 252 1609 285 207

912 312 967 349 les,
988 311 1083 343 etiam
1105 310 1143 342 de
1163 312 1259 344 latere
1274 313 1405 354 legatos,
1425 315 1547 349 sublata
1565 317 1610 350 eis
1627 325 1656 350 ‹·t

912 375 1022 397 eorum
1044 365 1172 397 cuilibet
1193 367 1302 408 quavis
1330 369 1421 401 aliter
1444 370 1605 404 indicandi
1628 378 1658 404 et

913 418 1143 461 interpretandi
1189 420 1338 451 l'aeultate
1373 427 1399 454 et
1442 425 1631 457 :metoritate
1649 451 1656 463 ‚

914 471 1047 503 iudicari
1064 476 1094 503 et
1114 471 1245 504 diffiniri
1266 473 1403 511 debere:
1428 475 1555 509 irritum
1576 488 1658 521 quo-

913 534 975 566 que
999 529 1031 556 et
1050 523 1157 563 inane,
1184 525 1208 557 si
1234 536 1325 558 secus
1349 538 1444 570 super
1468 529 1517 562 liis
1542 542 1559 563 a
1583 542 1659 574 quo-

912 587 1029 619 quam,
1062 577 1172 620 quavis
1206 579 1409 617 auctoritate,
1450 582 1587 616 scienter
1610 584 1657 616 vel

913 629 1111 672 ignoranter,
1138 631 1309 674 contigerit
1326 635 1487 668 attentari.

957 682 1041 725 5111.
1064 683 1221 721 Quocirca
1245 686 1482 719 venerabilibus
1505 689 1657 722 fratribus

914 735 1026 768 Montis
1066 735 1286 770 Flasconensis
1328 743 1358 771 et
1401 740 1657 784 Balneowgiensi

915 787 1086 832 episeopis,
1111 800 1147 822 ac
1169 789 1286 824 dilecto
1309 791 1375 824 lilio
1409 791 1519 826 Curiae
1548 806 1658 828 eausa-

916 851 986 873 rum
1008 841 1159 874 Gamerae
1182 842 1381 885 Apostolicae
1398 847 1540 886 generali
1568 849 1659 880 audi-

914 894 988 933 tori,
1024 900 1113 927 motu
1138 895 1256 935 simili,
1283 897 1474 931 mandamus
1503 905 1660 941 quatenus

915 946 975 990 ipsi
992 948 1039 980 vel
1058 948 1122 981 (luo
1148 954 1202 982 aut
1223 960 1307 983 unus
1329 961 1454 991 eorum,
1479 963 1536 995 per
1562 964 1594 986 se
1614 955 1660 986 vel

916 1000 1014 1032 alium
1036 1011 1091 1034 seu
1110 1002 1202 1042 alios,
1222 1010 1406 1046 praesentes
1429 1005 1550 1038 litteras
1575 1012 1603 1038 et
1629 1007 1661 1038 in

916 1053 961 1086 eis
981 1060 1131 1087 contenta
1150 1066 1390 1100 quaecumque,
1410 1058 1464 1090 ubi
1486 1064 1515 1091 et
1532 1060 1662 1102 quando

917 1117 997 1150 opus
1014 1107 1119 1147 suerit,
1143 1119 1180 1141 ae
1208 1109 1334 1152 quoties
1351 1121 1409 1154 pro
1431 1116 1520 1154 parte
1546 1111 1663 1154 prioris

917 1165 947 1192 et
967 1160 1101 1193 fratrum
1120 1162 1360 1205 praedictorum
1378 1174 1413 1195 ae
1432 1163 1568 1196 aliorum
1584 1164 1663 1197 inte-

917 1223 1004 1246 resse
1027 1214 1213 1248 habentium
1229 1226 1285 1248 seu
1305 1216 1443 1249 alicuius
1460 1227 1571 1250 eorum
1594 1219 1663 1250 sue—

919 1265 979 1299 rint
1019 1267 1177 1310 requisiti,
1212 1269 1399 1303 solemniter
1436 1270 1637 1313 publicantes
1654 1297 1661 1309 ‚

919 1319 1038 1353 eisdem
1064 1321 1095 1353 in
1109 1321 1293 1364 praemissis
1311 1323 1449 1355 efficacis
1469 1323 1664 1356 defensionis

919 1373 1079 1416 praesidio
1108 1374 1306 1416 assistentes,
1334 1376 1451 1409 saciant
1475 1375 1664 1409 auctoritate

919 1433 1028 1460 nostra
1040 1434 1227 1471 praesentes
1237 1428 1360 1461 litteras
1371 1429 1443 1462 etin
1457 1429 1502 1462 eis
1515 1435 1665 1462 contenta

919 1474 1118 1522 huiusmodi,
1144 1482 1183 1514 ab
1208 1483 1370 1523 omnihus,
1390 1483 1429 1516 ad
1446 1494 1527 1526 quos
1544 1487 1666 1527 spectat

920 1539 951 1566 et
984 1534 1140 1577 spectabit
1168 1535 1412 1578 quomodolibet
1442 1536 1474 1568 in
1505 1537 1663 1576 futurum,

920 1586 1123 1620 inviolabiter
1144 1589 1318 1629 observari;
1344 1589 1494 1633 ipsosque
1524 1589 1664 1633 priorem

921 1645 950 1673 et
968 1641 1080 1673 fratres
1100 1652 1136 1674 ae
1157 1641 1235 1674 alios
1259 1642 1412 1675 interesse
1432 1642 1587 1675 habentes
1604 1642 1668 1674 illis

921 1694 1126 1738 pacificesrui
1143 1700 1171 1727 et
1189 1695 1341 1737 gaudere,
1361 1706 1426 1728 non
1446 1695 1668 1738 permittentes

922 1756 976 1780 eos
993 1747 1134 1791 desuper
1157 1759 1215 1791 per
1240 1759 1463 1792 quoscumque
1484 1749 1666 1792 quomodo-

921 1800 1000 1833 libet
1031 1801 1171 1834 indebite
1202 1802 1384 1841 molestari;
1416 1802 1667 1834 contradictores

922 1854 1082 1897 quoslibet
1098 1860 1129 1888 et
1148 1855 1297 1895 rebelles,
1320 1866 1378 1898 per
1394 1855 1578 1890 sententias,
1595 1865 1668 1886 cen-

923 1917 1013 1939 suras
1046 1911 1077 1940 et
1113 1918 1234 1952 poenas
1272 1908 1504 1941 ecclesiasticas
1540 1908 1668 1949 aliaque

923 1965 1108 2003 opportuna
1132 1960 1210 1993 iuris
1230 1967 1259 1994 et
1284 1961 1357 1994 facti
1378 1961 1532 2000 rems-dia,
1556 1961 1668 2003 appel-

923 2012 1041 2046 latione
1052 2014 1239 2057 postposita‚
1256 2014 1509 2057 compescendffi
1528 2024 1666 2052 necnon,

924 2066 1075 2109 legitimis
1092 2077 1189 2110 super
1208 2067 1257 2099 bis
1278 2067 1434 2099 habendis
1451 2067 1579 2099 servatis
1596 2076 1670 2109 pro-

925 2120 1086 2160 cessibus,
1117 2120 1308 2160 sententias,
1327 2130 1477 2152 censuras
1501 2125 1529 2152 et
1551 2130 1670 2162 poenas

925 2173 1010 2216 ipsas
1021 2173 1116 2206 etiam
1128 2173 1250 2206 iteratis
1259 2174 1380 2206 vicibus
1395 2173 1606 2215 aggravamlo,
1620 2173 1669 2204 in-

924 2231 1036 2259 vocato
1056 2226 1150 2259 ctiam
1172 2227 1211 2259 ad
1230 2227 1304 2267 hoc,
1331 2226 1355 2259 si
1380 2236 1461 2269 opus
1484 2225 1589 2265 suerit,
1615 2237 1671 2258 an-

926 2279 1000 2311 xilio
1024 2279 1147 2311 brachii
1173 2278 1357 2312 saecularis.

972 2332 985 2375 ξ
1016 2332 1068 2365 192.
1100 2333 1168 2365 Non
1193 2332 1393 2365 obstantibus
1423 2331 1604 2375 praemissis
1635 2344 1669 2366 ae

927 2384 1029 2417 seticis
1052 2385 1284 2418 reeordationis
1304 2384 1458 2417 Bonil'acii
1476 2384 1578 2428 Papae
1593 2385 1668 2425 vill,

928 2437 1024 2470 etiam
1044 2438 1299 2481 praedecessoris
1319 2438 1433 2477 nostri,
1451 2437 1489 2470 de
1503 2448 1578 2478 una,
1594 2443 1624 2471 et
1640 2438 1671 2471 in

929 2486 1066 2519 concilio
1087 2486 1227 2527 generali
1248 2485 1331 2519 edita
1348 2486 1386 2519 de
1399 2486 1523 2521 duabus
1547 2488 1671 2529 diaetis,

929 2534 1105 2567 dummodo
1122 2535 1207 2567 ultra
1227 2540 1291 2567 tres
1307 2535 1416 2568 diaetas
1433 2536 1548 2579 aliquis
1564 2543 1674 2570 aueto-

930 2582 1023 2615 ritate
1042 2583 1259 2626 praesentium
1288 2584 1328 2616 ad
1346 2584 1501 2618 iudicium
1526 2596 1591 2618 non
1610 2591 1674 2618 tra-

929 2631 1037 2673 hatur,
1056 2631 1190 2676 aliisque
1215 2632 1399 2676 apostolicis
1419 2644 1455 2667 ac
1481 2634 1516 2666 in
1547 2634 1680 2678 provin-

1665 235 1711 259 An.
1733 233 1760 258 C.
1790 232 1853 258 1237>

1708 682 1824 701 mandatur
1838 686 1863 699 e-

1678 709 1772 728 xeeut'io.

1751 2341 1846 2366 Der-ngat
1853 2342 1877 2360 ἱ)

1689 2370 1860 2389 contrariorum.
