2059 3228
91 194 144 222 An.
163 194 190 223 C.
207 195 274 228 1580

114 1166 198 1188 Erectio
207 1167 272 1188 eius·-

89 1198 136 1218 dem
156 1199 227 1225 oppidi
250 1199 269 1218 in

88 1230 202 1254 civitatem,
214 1232 235 1250 et
245 1235 272 1250 e—

162 1261 270 1281 ecciesiae

88 1292 108 1310 S.
138 1290 216 1312 Mariae
250 1293 270 1312 in

88 1322 240 1349 vathedratem,
249 1327 271 1343 et

131 1360 140 1372 i*
159 1356 200 1374 <siu
221 1357 271 1382 pri-

122 2390 238 2411 Concessio
247 2390 279 2409 :1¹-

98 2428 205 2443 multarunt
249 2429 252 2439 i
268 2428 278 2439 u

97 2453 278 2474 canonic-inliciat?

97 2484 233 2505 cathedram,

334 188 397 222 818

290 252 445 296 oppidum
464 257 494 283 et
514 257 652 284 castrum
675 251 860 285 huiusmodi
884 264 919 286 ac
949 253 1039 286 villas

291 305 460 338 comitatus
480 304 639 337 'folentini
672 316 850 349 eorumque
878 306 1039 339 territoria

290 370 307 389 a
327 357 410 389 dicta
434 357 588 397 dioecesi,
611 358 660 390 cui
683 358 714 390 in
727 353 948 401 spiritualibus
966 360 1039 392 sub-

290 411 369 443 ierta
389 415 474 450 sunt,
498 411 673 453 apostolica
707 412 909 453 auctoritaie,
929 418 1038 446 tenore

288 464 518 507 praesentium,
539 470 695 508 perpetuo
716 476 902 510 separamus
922 474 953 500 et
977 468 1037 499 dis-

291 516 519 558 membramus,
534 517 652 561 illaque
665 525 811 562 separata
834 526 863 553 et
885 520 1038 553 dismem-

289 570 390 610 lirata,
407 581 443 603 ac
460 570 589 603 illarum
607 571 742 613 incolas,
756 572 963 614 habitatores,
985 585 1037 606 cc-

289 623 458 656 viesiarum
481 631 634 666 rectores,
660 626 880 668 beneficiatos,
914 628 1038 672 priores

288 682 315 708 et
336 677 416 710 alios
436 677 515 710 inibi
536 679 693 713 beneficia
714 681 933 715 ecclesiastica
953 682 1036 715 obti-

288 735 409 772 uentes,
430 733 638 773 monasteria,
657 733 769 767 domos
786 735 950 777 regulares
962 736 1038 769 alia-

287 794 348 826 que
368 784 420 827 pia
437 785 507 818 loca
527 786 635 819 onmia
655 787 694 820 ab
715 788 803 820 omni
816 788 1037 823 iurisdictione

288 836 430 881 episcopi
463 838 699 874 Camerinensis
728 851 858 875 necnon·
879 843 1037 876 solutione

287 891 486 924 decimarum
507 893 612 926 cidem
633 894 786 939 episcopo
807 907 931 940 percos
950 897 1037 930 debi-

287 950 391 978 tarum
412 945 451 978 de
472 951 578 980 cetero
603 947 761 989 facienda,
792 950 983 983 auctoritate
1008 957 1038 984 et

287 1003 398 1032 tenore
418 1000 602 1043 praedictis,
625 1001 721 1036 etiam
742 1009 910 1048 perpetuo,
929 1005 1037 1038 eximi-

285 1062 357 1085 mus
374 1058 404 1086 et
423 1053 610 1088 liberamus.

329 1105 344 1149 §
363 1105 394 1140 3:
418 1107 552 1151 Insuper
572 1108 728 1153 oppidum
749 1110 908 1143 Tolentini
935 1112 965 1144 in
992 1112 1037 1145 ci-

284 1159 414 1192 vitatem
436 1161 607 1203 Tolentini,
637 1167 666 1195 et
699 1164 901 1206 collegiatam
927 1167 1036 1199 'ccele-

285 1213 365 1245 siam
386 1213 416 1247 S.
434 1214 549 1248 Mariae
561 1215 747 1249 huiusmodi
759 1217 792 1249 in
804 1219 1035 1259 cathedralem,

286 1268 346 1300 sub
364 1268 566 1302 invocatione
580 1270 726 1304 eiusdem
747 1271 777 1304 S.
802 1272 929 1313 Mariae,
952 1284 988 1306 ac
1004 1273 1037 1306 in

286 1332 323 1354 ea
343 1321 543 1364 dignitatem,
567 1323 674 1357 sedem
696 1330 726 1357 et
746 1336 889 1359 mensam
911 1327 1036 1370 episco-

285 1375 390 1417 palem
413 1386 471 1419 pro
499 1386 563 1409 uno
584 1377 736 1422 episcopo
757 1378 927 1413 Tolentino
951 1390 1036 1413 nun-

285 1429 448 1472 cupando,
470 1429 525 1473 qui
546 1430 649 1463 eidem
671 1432 826 1465 ecclesiae
851 1433 1037 1467 Tolentinae

286 1482 417 1525 praesit,
429 1494 464 1515 ac
476 1482 731 1518 iurisdictionem
750 1486 965 1530 episcopalem
984 1488 1038 1521 ha-

285 1535 359 1568 beat
379 1541 409 1569 et
429 1543 587 1577 exerceat,
604 1549 678 1570 cum
690 1539 839 1572 omnihus
851 1540 1037 1584 privilegiis,

286 1589 476 1630 honoribus,
504 1590 629 1624 iuribus
650 1598 678 1624 ct
714 1592 894 1635 insignibus
923 1595 1038 1628 debitis

287 1648 319 1674 et
338 1643 509 1683 consuetis,
544 1655 581 1677 ac
608 1644 725 1687 quibus
753 1646 806 1678 alii
828 1647 971 1692 episcopi
998 1650 1037 1684 de

288 1695 358 1728 iure
378 1696 425 1729 vel
451 1698 686 1731 consuetudine
711 1705 768 1732 aut
790 1700 868 1734 alias
901 1713 1037 1744 quomo-

288 1748 407 1781 dolibet
432 1749 464 1782 in
488 1750 709 1793 spiritualibus
733 1758 882 1795 utuntur,
911 1756 1040 1799 potiun-

290 1809 341 1834 tur
361 1808 389 1835 ct
411 1804 563 1845 gaudent,
590 1816 627 1837 ae
649 1805 707 1845 uti,
736 1807 830 1849 potiri
849 1814 879 1841 et
898 1810 1038 1852 gaudere

289 1857 533 1898 quomodolibet
559 1864 711 1901 poterunt
732 1860 764 1892 in
784 1861 943 1904 futurum,
965 1875 1040 1898 nec-

290 1920 351 1942 non
374 1911 556 1954 plebaniam
572 1912 658 1945 illius
680 1913 709 1945 in
728 1915 1038 1960 archidiaconatum,

289 1963 341 2005 qui
356 1963 431 1996 inibi
452 1964 589 2006 dignitas
609 1966 712 1999 maior
730 1974 799 2010 post.
820 1971 1038 2012 pontificalem

290 2016 412 2055 existat,
428 2016 548 2050 eisdem
569 2020 760 2053 auctoritate
781 2027 811 2054 et
826 2028 935 2056 tenore
954 2024 1040 2057 simi-

292 2068 362 2101 liter
391 2076 548 2113 perpetuo
577 2072 733 2115 erigimus
767 2081 797 2107 et
826 2075 1037 2120 instituimus,

292 2122 456 2166 ipsamque
477 2125 644 2158 ecclesiam
676 2127 721 2160 sic
756 2128 787 2160 iu
822 2130 1040 2166 cathedralem

290 2182 429 2208 erectam
451 2177 524 2209 Sedi
544 2179 943 2222 Apostolicaeimmediate
964 2185 1039 2218 sub-

293 2228 434 2269 jicimus,
472 2242 509 2264 ae
544 2232 603 2264 sub
638 2235 840 2276 protectione
866 2237 923 2269 Bl).
955 2238 1039 2272 Petri

292 2286 319 2312 rt
343 2282 429 2314 Pauli
455 2285 675 2326 apostolorum
696 2287 900 2331 suscipimus.

336 2335 393 2374 Μ.
413 2336 579 2370 Praeterea
595 2340 760 2373 canonicis
780 2341 922 2375 ciusdem
941 2345 1042 2378 eccle-

293 2383 356 2415 siae
377 2385 421 2417 sic
443 2385 472 2417 in
495 2387 710 2421 cathedralem
733 2396 870 2431 erectae,
886 2398 917 2424 ut
940 2394 1042 2427 almu-

294 2437 352 2463 tias
373 2443 429 2474 per
449 2435 621 2468 canonicos
645 2437 783 2470 aliarum
809 2441 1040 2474 cathedralium

294 2480 502 2514 ecclesiarum
520 2483 637 2517 deferri
657 2485 777 2527 solitas,
797 2486 923 2522 deferre
945 2490 1042 2523 libere

295 2532 325 2558 et
355 2529 440 2562 licite
475 2531 612 2573 valeant,
647 2535 838 2569 auctoritate
866 2543 897 2570 et
930 2543 1043 2572 tenore

295 2577 477 2622 praedictis,
504 2581 626 2625 pariter
644 2589 803 2628 perpetuo
823 2584 1039 2631 indulgemus.

883 197 1060 222 armanum
1084 197 1233 223 ROMANUM

1848 202 1894 230 Νη.
1911 182 2022 237 (ΞΕ-Εὖ

1141 252 1172 286 5.
1195 253 1366 298 Ipsamque
1388 255 1561 289 ecclesiam
1580 256 1624 290 sie
1645 257 1676 290 in
1707 257 1826 291 oathe·
1861 250 2022 298 eunomiani-

1080 306 1201 340 draleni
1215 313 1355 340 erectam
1372 319 1446 341 cum
1467 309 1602 342 ecclesia
1619 310 1827 344 Maceratensi
1842 299 2024 358 {ssssi'ssssff'ffi

1080 360 1223 401 unimus,
1251 361 1294 393 ita
1314 366 1349 394 ut
1365 371 1423 405 pro
1445 367 1590 405 tempore
1603 363 1738 397 existens
1757 363 1826 408 epi·
1841 360 1958 382 ⁰⁸¹³¹⁰¹²⁵¹·
1977 355 2004 389 :a

1080 424 1197 457 scopus
1221 414 1442 448 Maceratensis
1463 415 1502 448 sit
1531 416 1699 449 ambarum
1726 416 1828 450 eccle·
1989 411 2006 462 JV

1080 467 1198 500 siarum
1217 467 1381 500 unitarum
1392 467 1578 501 huiusmodi
1588 468 1770 512 episcopus,
1782 475 1826 510 et,
1983 461 2005 510 ’ἓ

1080 520 1155 554 licet
1167 528 1299 554 vocetur
1317 522 1489 565 episcopus
1502 522 1707 562 iilaceraten.⁷
1721 528 1828 555 tamen
2012 523 2014 527 ’

1080 573 1111 606 in
1132 574 1245 607 litteris
1266 580 1293 607 ci
1317 574 1574 618 expeditionibus
1596 574 1830 618 pertinentibus

1079 627 1118 660 ad
1129 627 1289 661 civitatem
1306 633 1337 660 et
1356 628 1531 662 dioecesim
1551 627 1724 669 Tolentini,
1743 627 1831 661 ordi-

1080 682 1169 714 narie
1190 692 1222 713 se
1243 681 1425 715 suscribere
1446 681 1560 715 debeat
1579 681 1751 726 episcopus
1764 681 1828 715 Ma-

1080 734 1252 768 ceratensis
1271 740 1298 767 et
1321 734 1518 768 Tolentinus.
2003 775 2007 784 ‚

1079 795 1102 810 ³·
1122 789 1137 831 ,ξ
1158 789 1188 822 ὅ.
1224 788 1449 832 Teneatuizque
1481 788 1621 822 retinere
1652 799 1754 822 unum
1785 789 1830 837 vi·
1843 789 2014 847 diffugi-Q

1079 842 1202 875 carium
1235 842 1268 874 in
1299 841 1383 874 dicta
1417 841 1543 874 civitate
1577 841 1738 875 Tolentini
1771 841 1827 886 qui
1841 855 1966 893 romunt,-
1985 848 2013 892 ᾗ

1079 906 1143 927 non
1176 900 1385 939 recognoscat
1401 894 1614 939 superiorem,
1636 905 1696 929 nec
1724 895 1763 928 ab
1790 905 1828 929 eo
1842 887 2004 946 ζζξζζᾞᾟ

1079 949 1235 982 habeatur
1254 940 1406 982 recursus
1423 948 1462 981 ad
1481 947 1636 981 vicarium
1657 947 1759 982 dictae
1783 948 1829 982 ci·
1843 954 1936 972 ΜΝ*

1078 1003 1181 1035 vitatis
1201 1002 1435 1042 Maeni-atensis,
1449 1002 1504 1035 sed
1519 1007 1642 1035 tantum
1662 1002 1702 1035 ad
1721 1001 1828 1046 ipsum
1842 983 1895 1003 sm

1079 1056 1279 1100 episcopum.
1983 1091 1986 1094 Α

1123 1111 1137 1154 {³
1158 1110 1188 1143 7.
1216 1109 1393 1153 Eidemque
1410 1109 1564 1142 ecclesiae
1584 1109 1772 1142 Tolentinae
1782 1108 1828 1143 sic
1851 1116 2021 1154 pssumis..

1079 1164 1111 1196 in
1132 1163 1351 1196 cathedralem
1367 1167 1506 1204 erectae,
1524 1173 1583 1207 pro
1600 1162 1686 1196 illius
1698 1173 1827 1196 mensae
1840 1151 1876 1170 ‘¹¹'
1992 1164 1997 1166 ’

1079 1216 1271 1261 episcopalis
1291 1217 1377 1256 dote,
1402 1216 1566 1250 redditum
1587 1227 1732 1249 annuum
1752 1227 1828 1260 qua-

1079 1271 1326 1314 dringentorum
1338 1269 1503 1304 scuto'rum
1521 1276 1669 1304 monetae
1681 1270 1829 1304 Marchiae

1079 1336 1136 1369 per
1157 1325 1344 1369 episcopum
1355 1324 1562 1358 Tolentinum
1574 1323 1707 1368 propria
1717 1329 1830 1358 aucto-

1079 1379 1174 1412 ritate
1195 1379 1442 1423 percipiendum
1456 1405 1464 1420 ,
1490 1378 1529 1411 de
1550 1377 1696 1411 semestri
1720 1377 1754 1410 in
1778 1388 1828 1411 se-

1079 1438 1242 1473 mestrem,
1260 1438 1291 1465 et
1311 1432 1343 1465 in
1368 1432 1432 1465 sine
1457 1431 1630 1465 cuiuslibet
1652 1431 1825 1472 semestris,

1078 1488 1126 1520 vel
1156 1488 1187 1520 in
1218 1487 1281 1519 fine
1319 1485 1492 1519 cuiuslibet
1511 1485 1630 1519 mensis
1653 1496 1714 1530 pro
1744 1491 1826 1525 rata,

1079 1540 1214 1574 arbitrio
1235 1540 1336 1584 ipsius
1367 1539 1522 1584 episcopi,
1558 1550 1655 1583 quam
1686 1538 1828 1584 praefata

1079 1594 1297 1628 communitas
1330 1593 1490 1627 'Tolentini
1530 1593 1635 1627 eidem
1674 1593 1829 1627 ecclesiae

1079 1649 1124 1682 sic
1145 1649 1177 1681 in
1205 1648 1423 1682 cathedralem
1448 1653 1574 1681 erectae
1599 1658 1698 1691 super
1725 1647 1830 1681 reddi—

1081 1700 1164 1735 tih'us
1176 1701 1353 1736 molendini
1368 1701 1469 1746 ipsius
1481 1700 1738 1742 communitatis,
1750 1711 1831 1744 quo-

1079 1767 1183 1799 usque
1204 1761 1249 1789 tot
1268 1755 1400 1799 praedia
1419 1755 1489 1799 ipsa
1508 1755 1726 1789 communitas
1745 1761 1830 1788 emat

1080 1815 1109 1843 et
1143 1809 1248 1842 eidem
1283 1809 1438 1843 ecclesiae
1467 1809 1512 1841 sic
1549 1808 1582 1842 in
1611 1809 1828 1843 cathedralem

1080 1869 1207 1896 erectae
1226 1862 1403 1906 consignet,
1426 1873 1567 1906 quorum
1582 1862 1706 1897 fructus
1727 1863 1768 1896 ad
1780 1862 1830 1896 di-

1081 1922 1164 1950 ctam
1174 1927 1333 1950 summam
1342 1916 1656 1960 quadringentorum
1664 1921 1830 1950 scutorum

1080 1971 1267 2011 ascendant,
1289 1969 1527 2003 constituerunt
1555 1975 1586 2003 et
1612 1969 1830 2013 assignarunt,

1081 2035 1117 2056 ac
1150 2024 1283 2056 domum
1317 2023 1503 2066 contiguam
1538 2023 1644 2057 dictae
1676 2023 1831 2057 ecclesiae

1081 2077 1279 2117 Tolentinae,
1299 2087 1358 2121 pro
1378 2088 1440 2110 usu
1460 2082 1491 2110 et
1509 2077 1707 2111 habitatione
1730 2077 1832 2121 ipsius

1081 2130 1226 2174 episcopi
1250 2130 1409 2164 Tolentini
1429 2131 1643 2174 applicamus.
1985 2175 1987 2178 Ι

1125 2184 1139 2228 {¹
1159 2183 1190 2218 8.
1205 2183 1320 2228 Acipsi
1334 2183 1489 2218 ecclesiae
1503 2183 1549 2217 sic
1564 2184 1598 2217 in
1615 2184 1831 2218 cathedralem
1898 2190 1988 2244 mmq·
2000 2185 2017 2240 j}

1082 2243 1207 2271 erectae
1221 2237 1381 2271 civitatem
1397 2237 1570 2279 Tolentini,
1589 2237 1724 2282 eiusque
1744 2238 1832 2271 inco-
1845 2227 1900 2275 {32⁰1
1919 2225 1973 2276 '³¹23'
1985 2262 1987 2271 =
1998 2264 2009 2286 ,ς

1082 2292 1128 2324 las
1148 2297 1179 2324 ct
1197 2291 1394 2325 habitatores
1413 2302 1473 2335 pro
1498 2291 1623 2325 civitate
1647 2297 1679 2325 et
1698 2291 1832 2333 civibus,
1845 2285 1882 2306 ‘⁵⁰'
2009 2294 2012 2300 '

1083 2355 1210 2378 necnon
1235 2350 1349 2386 terras,
1371 2345 1462 2378 villas
1482 2350 1514 2378 et
1539 2350 1678 2379 castrum
1705 2345 1832 2380 Colmu-
1991 2341 2016 2390 ξ

1084 2394 1154 2426 rani
1168 2393 1312 2436 praefata
1324 2404 1503 2437 eorumque
1515 2394 1676 2428 territoria
1687 2406 1746 2439 pro
1763 2396 1833 2430 eius
1845 2417 1848 2419 -
1991 2394 2018 2442 ᾗ

1084 2442 1234 2483 dioecesi,
1268 2453 1305 2476 ac
1336 2443 1431 2476 ctiam
1465 2444 1588 2477 clerum
1613 2450 1644 2477 et
1672 2445 1831 2489 populum
1980 2446 2013 2485 ’ξι

1084 2491 1222 2524 civitatis
1243 2497 1275 2524 et
1289 2492 1446 2526 dioecesis
1459 2492 1646 2526 Tolentinae
1666 2503 1726 2538 pro
1745 2493 1831 2526 clero
1999 2525 2002 2530 ,

1084 2544 1115 2572 et
1129 2541 1263 2584 populo,
1276 2541 1468 2574 auctoritate
1479 2547 1509 2575 et
1521 2547 1633 2575 tenore
1646 2541 1829 2586 praedictis,
1988 2538 2008 2579 ,25-

1085 2588 1179 2622 ctiam
1201 2596 1359 2634 perpetuo
1379 2590 1589 2635 assignamus.
2000 2600 2006 2606 ’
