2059 3228
0 307 32 326 ⁸¹¹·
51 298 77 325 (¹.
103 298 169 326 1573
785 315 961 339 cnunomrs
980 318 1032 340 xm
1054 318 1097 341 rr.
1618 310 1660 344 ‚⁶33
1713 314 1764 340 An.
1783 313 1811 341 C.
1832 311 1900 340 1573

190 379 314 409 sanctae
339 374 496 406 Romanae
522 368 675 401 lirrlesiae
693 368 1025 401 laboriosamo-trum
1052 369 1144 401 rebus
1169 377 1197 402 et
1224 373 1381 414 personis,
1411 379 1502 417 prout
1529 374 1585 418 ipsi
1614 375 1696 407 ride-

184 438 293 471 peram
319 431 489 469 praestant,
514 436 530 457 a
557 423 667 462 noxiis,
692 425 845 465 quantum
871 430 925 463 po·
959 427 1077 461 rentur,
1103 424 1259 465 recedere,
1274 437 1330 457 nee
1354 432 1520 470 propterea
1544 433 1595 460 ant
1622 439 1699 471 quo-

185 484 253 520 test,
272 483 522 523 praeserventur,
536 482 563 509 et
591 482 621 509 nt
636 486 682 515 ea,
700 484 779 517 quae
793 472 925 516 proinde

185 543 348 566 emanasse
384 532 548 571 dicuntur,
579 540 640 573 quo
672 527 813 560 firmiora
849 525 927 563 sint,

188 585 359 630 apostolico
383 585 541 628 praesidio
566 583 748 616 solidentur.

233 638 248 682 ἓ
270 638 301 671 4.
326 638 432 680 Nuper
446 637 611 680 siqnidem,
625 645 682 679 pro
698 638 787 677 parte
806 632 929 664 univer-

36 685 168 708 *·‘²¹‘⁰¹¹⁰'
192 689 331 730 silatum,
346 690 571 729 Hebraeorum,
596 690 780 727 Turcarum,
798 686 930 719 Graeco-

191 754 261 776 rum
286 748 313 775 et
340 744 473 776 aliorum
491 743 654 784 utriusque
672 751 761 773 sexus
779 743 931 772 mercato—

191 808 263 830 rum
288 797 426 840 partium
451 795 667 833 Orientalium,
685 793 844 825 civitatem
870 791 932 823 An-

191 851 372 883 conitanam
397 855 424 883 et
451 849 510 882 alia
534 849 599 881 loca
624 852 749 879 sanetae
774 846 932 878 Romanae

193 904 347 937 Ecclesiae
394 903 532 935 subiecta
580 899 806 939 incolentium,
843 896 934 929 nobis

193 956 369 999 expositum
394 956 452 988 suit
476 954 559 998 quod
583 954 669 993 alias,
691 964 747 996 per
771 951 869 984 felicis
886 960 933 982 re-

5 1023 16 1041 <
195 1009 388 1043 cordationis
418 1009 547 1041 Paulum
578 1008 694 1050 Papam
726 1006 779 1045 ΙΙΙ,
804 1003 934 1048 praede-

195 1073 348 1097 cessorem
363 1067 516 1101 nostrum,
535 1066 662 1103 accepto
679 1058 764 1102 quod
781 1063 871 1091 antea
889 1056 936 1088 di-

195 1116 292 1149 lectus
309 1115 392 1148 lilius
409 1120 515 1148 noster
532 1115 633 1148 Guido
647 1113 798 1146 Ascanius
812 1110 935 1147 Ssortia,

195 1168 325 1202 Sanctae
349 1168 464 1201 Mariae
489 1168 521 1200 in
546 1167 599 1199 Via
614 1167 687 1199 Lata
700 1165 852 1198 diaeonus
869 1172 937 1195 car-

194 1221 316 1261 dinalis,
342 1226 463 1259 noster,
489 1225 564 1252 tune
589 1219 731 1252 eiusdem
755 1217 936 1261 praedeces-

194 1274 282 1314 soris,
297 1273 629 1314 camerarius,eisdem
643 1271 804 1311 Hebraeis,
818 1268 936 1308 Turcis,

194 1326 320 1361 Graecis
345 1332 374 1359 et
399 1326 467 1358 aliis
493 1326 733 1365 mercatoribus,
747 1329 782 1357 ut
799 1321 938 1366 quietius

195 1385 226 1414 et
255 1390 327 1413 oum
359 1379 472 1413 maiori
503 1380 669 1412 securitate
702 1380 734 1411 in
759 1378 884 1411 civitate
909 1381 936 1408 et

195 1432 265 1465 aliis
296 1433 371 1465 loeis
400 1433 570 1476 praedietis
594 1444 665 1465 cum
690 1442 800 1465 eorum
826 1429 937 1463 merci-

195 1487 255 1519 bus
289 1486 403 1529 degere
439 1492 586 1529 possent,
615 1489 812 1519 concesserat
848 1482 939 1515 dictis

197 1539 356 1580 Hebraeis,
375 1540 494 1580 Tureis,
513 1540 638 1573 Graecis
662 1545 690 1572 et
716 1539 785 1571 aliis
799 1537 940 1570 Orienta-

197 1593 279 1626 libus
302 1597 336 1625 ut
361 1592 467 1625 liceret
493 1593 546 1633 eis,
561 1604 618 1636 pro
643 1604 752 1626 eorum
767 1590 940 1625 commodi-

198 1650 261 1678 tate
285 1650 316 1678 et
339 1645 437 1678 animi
455 1646 678 1685 satisfactione,
692 1638 787 1678 una'm
802 1646 940 1678 scholam

199 1710 255 1733 seu
267 1709 459 1742 synagogam
472 1699 511 1731 ad
525 1709 635 1731 eorum
650 1700 842 1731 voluntatem
856 1708 943 1730 amo-

4 1752 11 1794 s
33 1770 52 1790 ς
198 1752 336 1792 vibilem,
355 1752 388 1784 in
412 1762 604 1795 unoquoque
628 1753 694 1785 loeo
720 1752 824 1785 Status
840 1752 942 1784 Eccle-

15 1808 19 1815 '
200 1803 329 1844 siastici,
343 1804 376 1836 in
394 1815 455 1847 quo
473 1804 557 1847 ipsos
573 1805 711 1838 residere
735 1805 942 1848 contingeret,

200 1857 344 1900 erigere,
369 1867 449 1900 quae
479 1868 533 1890 sua
566 1858 706 1901 ipsorum
736 1859 941 1892 Orientalium

199 1909 300 1943 libera
331 1914 432 1950 esset;
458 1910 501 1942 ita
533 1912 617 1954 quod
645 1913 748 1945 nullus
778 1912 856 1945 alins
883 1912 943 1944 Ile—

201 1963 316 1996 braeus
350 1967 402 1995 aut
431 1963 492 1995 alia
516 1963 704 1997 universitas
727 1965 941 1998 Hebraeorum

202 2018 250 2050 vel
272 2017 409 2050 cuiusvis
433 2017 562 2050 alterius
575 2018 712 2051 nationis
726 2029 820 2061 quam
835 2019 943 2052 Orien-

205 2071 274 2104 talis
304 2070 337 2103 in
364 2071 433 2114 ipsa
456 2070 562 2103 schola
586 2081 640 2102 seu
666 2081 824 2114 synagoga
848 2072 945 2116 impe-

205 2123 290 2156 rium
318 2134 373 2156 seu
404 2122 659 2166 superioritatem
692 2123 837 2165 haberet,
867 2135 945 2168 quae

207 2181 312 2208 tamen
337 2176 469 2208 honesto
494 2176 561 2207 loeo
586 2181 779 2217 servaretur,
797 2182 829 2209 et
846 2177 871 2209 si
889 2177 946 2221 ipsi

208 2228 294 2261 illam
318 2229 485 2262 transferre
508 2229 630 2269 vellent,
653 2229 771 2262 nullam
795 2230 836 2262 ob
859 2229 891 2262 id
915 2230 949 2262 li-

209 2282 346 2314 centiam
370 2293 388 2314 a
412 2282 535 2314 notario
559 2287 666 2325 petere
687 2288 890 2325 cogerentur3
908 2284 951 2316 ita

211 2340 316 2367 tamen
340 2334 424 2377 quod
448 2335 498 2366 illa
521 2335 659 2377 (inpiam
684 2336 833 2368 eeclesiae
850 2336 952 2370 vicina

211 2397 275 2419 non
299 2391 389 2426 esset,
414 2397 452 2419 ne
477 2387 612 2429 aliquam
628 2389 765 2421 scandali
778 2400 906 2422 ‹itatisarn
920 2393 951 2422 in

211 2440 327 2472 vicinia
357 2439 518 2478 habuerit3
542 2451 578 2472 ac
607 2442 689 2483 quod
721 2442 794 2475 dieti
828 2443 952 2485 Graeci,

212 2495 342 2533 Tui-eae,
367 2492 500 2528 Hebraei
525 2498 578 2525 aut
594 2493 645 2525 alii
663 2494 836 2529 orientales
848 2506 865 2528 a
879 2496 954 2529 civi-

213 2552 276 2580 tate
301 2545 499 2578 Aneonitana
523 2550 577 2578 aut
600 2547 709 2588 quovis
734 2548 794 2580 alio
818 2550 896 2589 loeo,
921 2548 953 2580 in

214 2610 276 2643 qno
301 2598 359 2642 ipsi
385 2599 569 2638 residerent,
583 2603 646 2631 tam
660 2600 782 2634 ratione
795 2602 866 2634 belli
883 2614 953 2635 cum

214 2652 409 2693 infidelibus,
434 2663 528 2694 qnam
558 2664 593 2685 ex
623 2653 682 2686 alia
712 2665 825 2692 causa,
856 2656 955 2688 soluto

212 2705 376 2738 ordinario
401 2705 496 2743 datio„
517 2708 622 2745 libere,
642 2718 712 2739 enm
738 2707 886 2741 omnibus
904 2718 955 2740 eo-

959 474 1002 506 vis
1027 475 1132 507 debito
1157 477 1201 508 vel
1227 477 1286 509 alia
1303 490 1396 511 rausa
1414 480 1611 523 represaliari
1629 491 1702 524 pos-

960 532 1038 567 sent,
1064 528 1127 567 sed,
1150 530 1250 562 soluto
1276 530 1342 573 ipso
1368 532 1451 565 datio
1475 532 1648 573 ordinario,
1666 531 1701 564 li-

962 580 1027 613 beri
1053 581 1232 622 existerent,
1257 584 1392 626 exreptis
1417 585 1520 617 causis
1536 585 1568 617 in
1586 584 1702 628 quibus

962 632 1020 675 ipsi
1045 644 1102 676 pro
1127 645 1158 666 se
1184 636 1230 667 vel
1254 636 1322 667 aliis
1346 643 1449 669 essent
1472 638 1614 681 obligati.

1004 686 1019 727 ἕ
1042 686 1071 718 5.
1096 688 1246 731 Quodque
1271 689 1401 729 nemim,
1427 691 1489 723 sive
1507 690 1905 740 ctu-istiudeli,4531320053532

964 738 1026 771 sive
1053 745 1159 773 turrae
1183 747 1237 773 aut
1261 752 1371 775 mauro
1385 744 1431 775 rel
1448 744 1906 799 llssbl'UCO,inlel‘·‡,‘³„m,¹¹„¹}⁰⁰¹,¹,³,¹jffsf

963 791 1121 825 diceretur
1152 799 1204 826 aut
1235 795 1473 837 prohiberetur,
1499 808 1552 829 seu
1588 790 1796 830 dii-ectebe‘udm

964 846 1009 877 vel
1038 845 1191 879 indirecte
1222 848 1384 890 prohiberi
1411 854 1513 891 posset
1537 850 1706 892 quominus

964 907 1082 931 merces
1099 910 1155 942 per
1171 900 1271 933 dictos
1287 901 1440 933 hebraeos
1457 901 1629 934 Orientales
1642 906 1706 934 tam

966 952 995 984 in
1021 953 1145 985 civitate
1170 954 1366 986 Aneonitana
1390 965 1484 997 quam
1509 954 1547 986 ad
1565 953 1706 997 quemvis

967 1005 1063 1037 alium
1089 1006 1243 1039 Ecclesiae
1267 1007 1370 1039 locum
1387 1007 1608 1040 conducendas
1623 1017 1708 1040 eme-

967 1064 1046 1099 rent,
1072 1060 1124 1092 sed
1149 1059 1298 1092 omnibus
1322 1070 1426 1093 emere
1443 1059 1603 1102 integrum
1617 1063 1708 1099 esset,

967 1113 1083 1156 absque
1114 1118 1199 1146 metu
1228 1114 1361 1147 alieuius
1390 1123 1531 1156 poenae,
1557 1112 1652 1145 etiam
1677 1112 1709 1143 in

969 1167 1268 1209 proslamationibus
1292 1167 1329 1200 de
1346 1167 1496 1200 mandato
1509 1165 1646 1199 cuiusvis
1659 1176 1710 1198 su-

969 1220 1101 1261 perioris
1125 1231 1180 1253 seu
1203 1220 1345 1253 officialis
1368 1220 1537 1263 publicatis
1561 1224 1589 1252 et
1608 1218 1710 1262 publi-

968 1273 1076 1305 candis
1100 1284 1272 1316 expressae,
1298 1274 1434 1317 exceptis
1458 1273 1553 1307 rebus
1569 1282 1710 1306 commu-

970 1327 1051 1359 niter
1074 1327 1238 1371 prohiberi
1263 1328 1361 1361 solitis
1385 1327 1424 1361 de
1447 1328 1516 1360 loco
1544 1326 1583 1359 ad
1607 1327 1710 1358 locum

969 1380 1035 1412 sine
1060 1386 1145 1413 certa
1170 1380 1405 1423 dispensatione
1429 1379 1573 1412 conduci.

1012 1434 1026 1476 ἓ
1051 1434 1079 1466 G.
1105 1435 1273 1477 Nullusque
1301 1434 1471 1474 Hebraeus,
1489 1434 1600 1474 Turca,
1617 1433 1712 1466 Grae—
1755 1437 1822 1458 Nemo
1836 1436 1913 1456 (Μω-

1721 1466 1801 1485 talium
1833 1464 1915 1483 militen

969 1497 1043 1527 cus,
1076 1492 1125 1519 aut
1153 1487 1232 1520 alius
1256 1486 1423 1519 Orientalis
1448 1491 1609 1520 teneretur
1633 1486 1913 1518 reci-inhospitiumre-

1726 1521 1742 1537 ri
1747 1524 1796 1542 pere
1818 1519 1915 1540 tenetur,

972 1551 1044 1582 pere
1069 1540 1182 1573 milites
1206 1546 1257 1573 aut
1276 1540 1337 1573 illis
1355 1540 1551 1573 domicilium
1568 1540 1643 1572 dare
1660 1543 1710 1571 aut
1722 1543 1914 1591 ffissssdci‘issi'ss]

972 1593 1073 1633 alicui,
1099 1593 1192 1626 etiam
1218 1604 1254 1626 ex
1278 1593 1438 1633 Hebraeis,
1464 1593 1517 1636 qui
1535 1593 1619 1636 ipsos
1633 1579 1767 1624 mili-2¹10·

973 1652 1017 1679 tes
1041 1647 1288 1690 hospitarentur,
1314 1646 1526 1685 contribuere,
1552 1656 1610 1678 nec
1641 1655 1713 1688 pro-

974 1706 1080 1743 pterea
1109 1700 1148 1732 ab
1179 1710 1290 1732 eorum
1322 1698 1574 1731 habitationibus
1605 1696 1715 1741 expelli

975 1759 1116 1797 possent,
1142 1758 1193 1786 ant
1227 1753 1333 1796 aliqua
1361 1762 1471 1785 eorum
1497 1761 1564 1790 res,
1589 1755 1654 1782 tant
1677 1749 1716 1781 de

974 1807 1218 1850 siqiellectilibus
1243 1816 1338 1849 quam
1356 1804 1509 1848 pecuniis,
1526 1802 1609 1843 eiici‚
1627 1803 1717 1835 dum-

974 1861 1065 1893 modo
1090 1859 1303 1892 habitationes
1319 1869 1430 1891 eorum
1448 1867 1511 1889 non
1528 1861 1631 1889 essent
1644 1865 1717 1888 eon-

975 1915 1098 1945 iunetae
1125 1912 1223 1944 muris
1248 1910 1383 1943 civitatis
1400 1910 1447 1942 vel
1464 1908 1557 1942 alicui
1575 1912 1719 1951 suspecto

972 1969 1049 2001 loco.

1018 2021 1032 2063 ξ
1046 2020 1074 2052 7.
1089 2020 1121 2052 Et
1137 2019 1221 2062 quod
1235 2018 1267 2050 in
1285 2016 1388 2050 causis
1405 2016 1547 2059 ipsorum
1561 2013 1720 2045 Hebraeo·
1728 2018 1825 2065 riffldei}
1832 2017 1922 2065 ⁰22¹}ssss

977 2084 1063 2113 rum,
1088 2072 1298 2110 Graecorum,
1323 2070 1497 2101 Turcarum
1521 2071 1552 2099 et
1575 2065 1809 2099 omniumcauais·

978 2127 1109 2159 aliorum
1136 2124 1353 2163 Orientalium,
1367 2122 1400 2154 in
1421 2121 1536 2163 quibus
1549 2119 1587 2152 de
1611 2129 1722 2151 eorum

981 2181 1129 2212 interesse
1153 2182 1309 2220 ageretur,
1329 2181 1392 2207 tam
1417 2174 1450 2205 in
1467 2172 1612 2205 civilibus
1628 2182 1725 2214 quam

982 2233 1012 2265 in
1037 2231 1266 2269 criminalibus,
1277 2228 1380 2260 nullus
1404 2225 1545 2259 officialis
1569 2236 1601 2258 se
1622 2225 1723 2258 intro-

982 2286 1106 2318 mittere
1130 2287 1242 2326 posset,
1265 2281 1317 2314 sed
1341 2280 1444 2313 omnis
1469 2279 1625 2311 dictarum
1649 2289 1723 2311 cau-

982 2348 1086 2370 sarum
1106 2335 1285 2368 eon‘unissio
1304 2334 1371 2366 fieri
1389 2333 1519 2366 deberet
1535 2343 1592 2375 per
1608 2332 1725 2374 guber-

983 2396 1124 2424 natorem
1156 2388 1387 2421 Anconitanum
1420 2397 1475 2420 seu
1498 2386 1581 2419 illius
1605 2386 1726 2419 iudices

983 2450 1013 2477 et
1036 2443 1195 2476 consulem
1208 2441 1349 2483 ipsorum
1366 2439 1573 2472 Orientalium
1591 2444 1642 2471 aut
1657 2439 1725 2472 eius

983 2495 1204 2533 substitutum,
1229 2503 1364 2535 qnorum
1393 2492 1571 2525 iurisdictio
1598 2502 1662 2524 non
1692 2492 1724 2523 iu

984 2550 1127 2587 solidum,
1152 2546 1204 2579 sed
1229 2545 1423 2578 coniunctim
1446 2545 1675 2588 intelligeretur
1695 2550 1725 2576 et.

985 2600 1177 2635 differentias
1212 2599 1295 2631 inter
1330 2598 1414 2641 ipsos
1443 2597 1616 2631 Orientales
1643 2598 1726 2629 solus

984 2655 1092 2688 consul
1121 2657 1171 2685 aut
1203 2651 1270 2684 eius
1302 2651 1508 2692 substitutus,
1534 2649 1727 2682 differentias

985 2717 1057 2740 vero
1105 2706 1188 2737 inter
1231 2703 1314 2746 ipsos
1358 2703 1531 2738 Orientales
1576 2707 1606 2735 et
1651 2702 1728 2733 alios

354 2773 433 2799 Ball.
453 2773 530 2798 Rom.
556 2773 609 2799 Vol.
632 2771 688 2798 vm
1442 2769 1460 2796 5
