2059 3228
30 389 39 405 ι
64 384 86 404 ot
110 385 160 409 npe-

29 418 54 435 ΟΙ
67 416 164 435 Nion}-

35 275 54 287 .Δ
77 251 163 286 ξ-1572

175 356 346 398 dictarum,
366 364 492 391 matura
511 358 754 399 deliberatione,
782 358 820 391 dc
845 363 921 392 tunc

173 410 317 444 eiusdem
338 410 370 444 S.
392 411 428 444 R.
452 411 486 444 E.
506 411 716 444 cardinalium
734 411 869 444 consilio
891 417 921 445 et.

171 474 314 504 assensu,
335 475 371 497 ex
392 465 488 498 certis
508 470 584 498 tunc
605 465 762 508 expressis
791 469 823 497 et
850 465 920 497 aliis

170 518 416 551 rationabilibus
443 519 558 559 causis,
591 529 703 551 omnes
723 523 754 551 et
778 517 920 561 singulas

169 571 287 615 gratias
311 573 523 616 expectativas
543 577 574 606 et
600 571 754 615 speciales
775 582 918 605 reserva-

169 624 272 659 tiones
292 626 331 660 de
350 626 513 670 quibusvis
525 625 788 669 patriachalihus,
801 631 919 658 metro-

168 678 320 722 politanis
332 680 633 713 autcathedralibus
643 678 787 712 ecclesiis
798 689 834 711 ac
847 689 916 711 mo-

167 731 555 776 nasteriis‚dignitatibus,
569 732 803 777 personatibus,
816 732 917 764 admi-

166 786 421 827 nistrationibus,
447 786 561 819 officiis
586 786 721 829 aliisque
750 785 916 819 beneficiis

167 841 401 883 ecclesiasticis,
431 853 504 875 cum
535 852 614 875 cura
646 841 694 873 vel
726 840 794 874 sine
823 851 912 881 cura,

164 895 384 928 saecularibus
403 900 432 928 et
448 895 636 938 quorumvis
647 894 804 928 Ordinum
818 906 914 937 regu-

162 947 294 989 laribus,
303 947 337 980 in
353 949 492 981 favorem
508 958 804 992 quorumcumque,
819 948 913 981 etiam

163 1001 323 1035 dictorum
343 1001 570 1041 cardinalium,
593 1012 630 1034 ac
650 1001 744 1034 etiam
767 1001 912 1041 illorum,

163 1065 290 1088 necnon
308 1054 523 1098 imperatoris,
554 1065 678 1097 regum,
708 1054 911 1097 reginarum,

162 1109 296 1149 ducum,
313 1109 540 1142 marchionum
568 1114 599 1142 et
624 1108 762 1141 aliorum
793 1108 915 1152 prinei-

134 1174 137 1176 ·
161 1172 239 1207 pum
258 1168 289 1196 et
307 1162 563 1202 universitatum,
581 1172 787 1206 quacumque
807 1162 912 1195 eccle-

163 1216 291 1251 siastica
322 1217 371 1250 vel
396 1216 560 1250 mundana
589 1216 743 1260 dignitate
774 1216 912 1259 fungen-

163 1270 257 1311 tium,
274 1270 390 1304 intuitu
404 1271 452 1304 vel
469 1276 628 1314 respectu,
640 1275 672 1303 et
691 1281 727 1303 ex
738 1269 913 1313 quibusvis,

164 1323 259 1357 etiam
281 1324 516 1368 urgentissimis
549 1328 580 1356 et
610 1322 913 1366 inexcogitabilibus

164 1377 279 1418 causis,
302 1388 338 1411 ae.
363 1388 437 1411 cum
458 1377 633 1421 quibusvis,
654 1377 748 1409 etiam
777 1377 913 1419 deroga-

164 1430 319 1465 toriarum
330 1431 552 1475 derogatoriis,
564 1431 728 1471 clausulis,
747 1430 852 1474 quoad
866 1440 912 1469 ea,

163 1484 196 1518 in
210 1485 341 1528 quibus,
358 1496 424 1519 non
441 1496 476 1518 ex
497 1485 612 1525 verbis,
624 1485 678 1518 sed
687 1485 830 1523 realiter,
847 1494 913 1516 non

163 1543 254 1572 erant
273 1539 405 1583 plenum
425 1545 456 1572 et
474 1550 585 1573 verum
605 1539 716 1572 sortita
746 1539 911 1577 effectum,

163 1602 349 1634 concessas,
376 1603 450 1626 eum
470 1592 623 1626 irritantis
638 1592 841 1636 appositione
860 1591 914 1624 de-

165 1647 255 1687 creti,
277 1657 335 1690 per
361 1647 534 1690 quamdam
561 1652 784 1686 revocaverat,
807 1656 913 1679 cassa-

163 1706 262 1742 verat,
279 1700 458 1734 irritaverat
475 1705 505 1733 et
521 1700 754 1739 annullaverat,
778 1704 809 1732 et
821 1709 913 1732 revo-

165 1754 319 1789 catoriam
336 1754 524 1788 huiusmodi
545 1754 631 1786 iuxta
657 1753 743 1785 illius
769 1759 913 1786 tenorem

166 1819 224 1852 per
242 1808 338 1841 aliam
360 1807 575 1847 innovaverat,
596 1812 626 1840 et
646 1817 726 1850 quas
750 1807 789 1839 ab
814 1817 852 1840 eo
877 1817 913 1839 ex

165 1868 242 1896 tunc
261 1863 301 1896 de
325 1868 434 1896 cetero
454 1862 599 1895 emanari
615 1861 817 1905 contingeret
829 1861 915 1894 simi-

165 1915 212 1950 les
230 1916 348 1960 gratias
381 1916 440 1949 sub
470 1915 534 1947 illis
571 1915 823 1958 comprehensas
846 1925 914 1948 esse

166 1971 321 2011 voluerat,
341 1975 372 2003 et.
391 1969 599 2014 postmodum
615 1979 673 2013 per
693 1969 771 2001 alias
795 1969 915 2002 consti-

167 2023 304 2058 tutiones
323 2034 407 2064 suas,
422 2022 537 2056 diebus
547 2028 578 2056 et
589 2022 681 2055 annis
697 2029 774 2055 tunc
789 2033 916 2066 expres·
934 2003 937 2064 Ι

168 2078 211 2112 sis
242 2078 274 2111 in
299 2078 496 2112 Cancellaria
524 2076 701 2121 apostolica
722 2077 914 2120 publicatas,

166 2141 278 2165 omnes
297 2137 327 2165 et
350 2131 491 2174 singulas
510 2130 701 2174 specialium
728 2130 917 2163 reservatio-

167 2195 257 2226 num,
269 2186 456 2219 facultatum
470 2191 501 2218 et
516 2184 652 2218 aliarum
672 2184 848 2227 gratiarum
858 2194 874 2215 a
884 2194 916 2216 se

167 2244 387 2272 emanatarum
405 2239 504 2272 saetas
518 2238 737 2270 revocationes
751 2237 919 2270 innovave-

169 2297 229 2332 rat,
251 2302 270 2325 a
289 2292 453 2325 nonnullis
473 2292 512 2325 de
531 2290 916 2324 viribusfacultatisetlit-

169 2351 314 2380 terarum
329 2346 570 2390 praedictarum
588 2346 819 2385 haesitabatur,
834 2345 917 2378 idem

171 2399 233 2433 Leo
248 2399 478 2443 praedecessor
499 2409 556 2442 per
581 2399 721 2441 reliquas
741 2409 814 2431 suas
832 2399 918 2432 litte-

172 2458 236 2489 ras,
257 2454 360 2488 motu‚
383 2447 572 2480 auctoritate
599 2453 629 2479 et
654 2452 807 2489 potestate
836 2448 919 2489 pari-

172 2497 244 2538 bus,
266 2497 439 2531 declaravit
459 2497 624 2529 facultates
645 2502 675 2528 et
694 2496 832 2538 desuper
847 2507 920 2529 eon-

173 2544 270 2580 sectas
293 2545 414 2578 litteras
435 2545 622 2588 praedictas,
635 2554 708 2577 cum
730 2543 880 2576 omnibus
890 2550 921 2577 et

174 2593 305 2637 singulis
325 2593 598 2633 concessionibus,
621 2593 762 2631 indultis,
783 2593 919 2628 statutis.

175 2643 431 2678 ordinationibus
464 2649 494 2676 et
513 2642 583 2675 aliis
622 2642 654 2675 in
685 2642 730 2675 eis
763 2642 942 2683 contentisg

781 253 957 277 Gnuflontus
978 254 1031 277 xm
1052 254 1097 277 ΓΡ.

37 316 164 370 quinus:
176 303 492 349 postconceSSiOl'lOm
505 304 681 338 ΙῙΗΌῙἮΙἬΠΊ
693 315 823 337 suarum
832 316 922 349 prae-

33 358 50 372 tr
69 352 133 377 01μο
157 358 163 363 ·

963 305 1128 345 clausulis,
1156 317 1190 339 ac
1214 308 1285 341 inde
1317 314 1451 352 sequuta
1471 319 1708 353 quaecumque,

962 359 1068 402 quoad
1101 360 1259 393 benetie—ia
1287 363 1345 394 sul>
1374 362 1435 394 illis
1467 362 1710 405 comprehensa,

962 416 1025 444 tam
1047 417 1120 445 actu
1141 414 1389 457 vacantiaquam
1403 415 1607 459 inposterum
1619 427 1711 450 vaca-

963 470 1045 505 tura,
1064 476 1121 508 per
1145 467 1323 509 praedictas
1343 473 1374 501 et
1393 468 1470 501 alias
1489 480 1711 513 quascumque

962 518 1094 559 litteras,
1108 520 1354 554 constitutiones
1370 527 1401 554 et
1411 522 1617 555 Cancellariae
1630 533 1711 566 prae-

959 571 1062 604 dictae
1084 573 1221 615 regulas,
1244 585 1326 617 quae
1351 575 1446 608 etiam
1465 587 1562 620 super
1581 587 1709 610 revoca-

962 624 1047 658 tione
1068 631 1099 658 et
1119 626 1246 659 illarum
1278 628 1482 662 innovatione
1503 640 1539 662 ac
1573 639 1709 673 suspen-

959 678 1048 711 sione
1069 679 1115 711 vel
1137 680 1378 714 modificatione
1416 682 1592 725 gratiarum
1617 694 1710 727 expe-

959 731 1160 772 ctativarum,
1189 734 1380 777 specialium
1422 736 1469 768 vel
1507 736 1706 779 generalium

958 785 1209 819 reservationum
1229 798 1267 820 ac
1278 787 1431 821 similium
1445 790 1491 822 vel
1503 789 1706 823 dissimilium

957 837 1158 878 facultatum,
1193 841 1466 882 nominationum,
1498 849 1704 884 statutorum,

957 891 1211 933 ordinationum,
1247 895 1494 928 concessionum
1524 902 1554 930 et
1587 898 1705 939 gratia-

957 954 1042 984 rum,
1065 945 1161 978 etiam
1178 953 1422 991 perpetuarum,
1446 950 1541 982 etiam
1570 961 1605 983 ex
1632 951 1704 994 qui-

955 998 1062 1031 busvis
1091 999 1207 1040 causis,
1233 1007 1530 1046 quantumcumque
1560 1004 1706 1037 maximis

956 1057 987 1084 et
1010 1053 1257 1095 urgentissimis,
1280 1066 1363 1098 quae
1387 1067 1404 1088 a
1429 1067 1460 1089 se
1481 1056 1604 1090 etSede
1616 1068 1706 1101 prae-

955 1104 1051 1146 dicta,
1074 1106 1171 1140 etiarn
1192 1108 1464 1148 consistorialiter,
1485 1121 1521 1143 ac
1542 1121 1615 1143 cum
1631 1111 1704 1154 qui-

955 1159 1060 1193 busvis
1100 1161 1265 1202 clausulis,
1305 1163 1400 1195 etiam
1426 1163 1703 1206 derogatoriarum

954 1213 1179 1256 derogatoriis,
1202 1216 1402 1256 fortioribus,
1425 1218 1660 1251 efficacioribus
1674 1223 1705 1252 et

955 1266 1102 1307 insolitis,
1141 1279 1178 1301 ac
1209 1269 1470 1310 inhibitionibus,
1499 1277 1528 1303 et
1550 1271 1703 1311 decretis,

955 1320 1049 1353 etiam
1071 1321 1285 1364 irritantibus,
1305 1329 1381 1357 tunc
1402 1330 1603 1357 emanassent
1623 1331 1654 1358 et
1673 1325 1705 1357 in

955 1380 1122 1418 posterum
1148 1383 1349 1416 emanarent,
1374 1378 1508 1411 minime
1528 1384 1704 1417 revocatas,

954 1439 1135 1472 suspensas,
1154 1430 1304 1463 limitatas
1323 1431 1371 1464 vel
1391 1431 1591 1464 modificatas
1611 1431 1707 1465 fuisse

955 1487 985 1514 et
1011 1492 1092 1523 esse,
1114 1489 1170 1516 aut
1194 1484 1348 1524 revocari,
1378 1485 1508 1524 cassari,
1540 1485 1704 1529 suspendi,

956 1535 1087 1570 limitari
1109 1537 1156 1570 vel
1178 1538 1358 1571 modificari
1379 1538 1520 1582 potuisse
1540 1549 1646 1583 neque
1674 1538 1706 1571 in

955 1589 1100 1622 futurum
1123 1601 1231 1634 posse,
1255 1592 1315 1624 nisi
1349 1592 1426 1624 dum
1444 1598 1473 1625 et
1507 1592 1650 1637 quoties,
1673 1592 1705 1625 in

954 1642 1141 1677 huiusmodi
1163 1645 1706 1689 futurisrevocationibus,suspen-

955 1697 1098 1730 sionibus
1119 1703 1149 1731 et
1167 1699 1475 1739 modificationibus,
1493 1700 1531 1732 de
1543 1699 1613 1731 aliis
1629 1699 1705 1732 Sixti

955 1761 992 1784 ac
1013 1751 1078 1784 suis
1099 1752 1271 1795 praedictis
1295 1753 1418 1792 litteris,
1439 1763 1475 1786 ac
1485 1753 1609 1786 duabus
1624 1752 1706 1785 datis

955 1806 1155 1845 earumdem,
1179 1806 1375 1849 nomineque
1391 1812 1421 1839 et
1435 1805 1590 1848 dignitate
1606 1805 1705 1850 ipsius

955 1859 1161 1892 Maximiliani
1181 1859 1398 1902 imperatoris,
1420 1864 1483 1892 tam
1504 1859 1659 1902 quamdiu
1672 1860 1704 1892 in

955 1913 1106 1946 humanis
1123 1918 1232 1956 ageret
1251 1923 1348 1956 quam
1369 1923 1406 1946 eo
1419 1913 1482 1945 vita
1503 1912 1704 1957 functo,spe-

934 1973 937 2000 Ι
957 1967 1058 2007 cialis,
1080 1966 1232 2010 specifica
1252 1972 1283 1999 et
1302 1966 1477 2006 individua⁷
1504 1976 1569 1999 non
1595 1972 1703 2000 autem

957 2031 1014 2063 per
1033 2019 1195 2053 clausulas
1205 2019 1372 2062 generales
1385 2019 1469 2052 idem
1478 2019 1701 2062 imponantes,

957 2074 1078 2106 mentio
1098 2073 1181 2105 sacta
1192 2072 1284 2112 foret,
1307 2073 1421 2115 etipse
1443 2072 1503 2105 Leo
1516 2072 1704 2116 praedeces-

957 2138 1010 2161 sor
1024 2127 1072 2160 vel
1093 2136 1293 2160 successores
1315 2126 1362 2158 sui
1382 2126 1516 2158 Romani
1533 2126 1705 2159 Pontifices

958 2191 1016 2224 pro
1037 2187 1182 2223 tempore
1203 2180 1372 2212 existentes
1392 2190 1449 2222 per
1462 2179 1601 2212 diversas
1620 2179 1704 2212 litte-

958 2245 1009 2267 ras
1025 2235 1056 2267 in
1075 2235 1177 2267 l'orma
1198 2234 1303 2266 brevis
1323 2233 1453 2266 doceret
1470 2243 1526 2266 seu
1542 2244 1704 2267 suecesso-

958 2299 1009 2320 res
1027 2287 1161 2331 praefati
1182 2287 1337 2319 docerent
1361 2286 1508 2330 publice,
1532 2286 1564 2318 in
1591 2287 1702 2320 eadem

959 2341 1168 2374 Universitate
1179 2339 1400 2379 insinuandas,
1411 2350 1477 2372 suaa
1484 2339 1532 2372 vel
1542 2350 1705 2373 successo-

959 2406 1030 2427 rum
1060 2394 1247 2427 eorumdem
1268 2392 1454 2426 intentionis
1484 2403 1551 2426 esse
1583 2393 1706 2427 litteras

960 2443 1144 2476 huiusmodi
1166 2454 1201 2476 ex
1223 2443 1329 2485 aliqua
1350 2453 1445 2475 causa
1468 2452 1706 2481 revocare,sus-

961 2493 1102 2536 pendere
1136 2493 1184 2525 vel
1205 2491 1403 2531 modificare,
1435 2501 1508 2524 cum
1539 2490 1705 2525 intervallo

961 2541 1057 2574 unius
1072 2542 1189 2574 mensis
1210 2542 1293 2574 inter
1312 2541 1399 2574 datas
1427 2540 1629 2584 singularum
1652 2541 1705 2574 lit-

963 2597 1105 2623 terarum
1125 2601 1157 2622 in
1178 2590 1281 2623 forma
1310 2589 1413 2622 brevis
1444 2589 1643 2629 huiusmodi,
1676 2595 1706 2622 et

963 2649 1028 2672 non
1048 2639 1137 2680 alias,
1160 2639 1253 2672 aliter
1271 2649 1331 2672 nec
1350 2638 1414 2672 alio
1434 2638 1543 2679 modo;
1565 2638 1629 2672 etsi
1641 2640 1705 2671 l'or-

1602 246 1666 281 509
1726 257 1778 285 An.
1793 257 1822 286 c.
1841 256 1908 285 ¹572
