2059 3228
130 233 184 263 An.
201 234 228 264 C.
244 235 310 264 1577

132 1865 174 1884 sim-

369 227 434 263 176
916 234 1093 260 Burmanni

326 290 495 329 vacaverit,
518 288 603 331 qnod
625 284 694 322 cius
714 284 854 328 collatio,
880 287 966 322 iuxta
981 290 1069 322 Late--

325 342 470 376 ramensis
494 347 613 374 statuta
633 341 773 382 concilii,
794 342 832 374 ad
848 342 961 375 Scdcm
989 342 1071 386 Alo-

326 395 469 429 stolicam
495 394 634 437 legitime
658 394 819 435 devoluta,
858 395 991 439 ipsaque
1019 408 1070 429 et:-

326 448 421 480 clesia
438 448 470 481 S.
487 447 659 481 Salvatoris
671 447 871 492 dispositioni
889 447 1071 492 apostolicae

325 500 507 544 specialiter
529 501 577 533 vel
601 500 679 533 alias
702 501 896 544 generaliter
915 507 1071 534 reservata

325 553 448 594 existat,
462 558 491 586 et
511 554 748 597 supereainter
767 554 893 597 aliquos
913 555 962 594 lis,
980 554 1072 587 cuius

324 612 442 639 statum
463 606 677 650 praesentibus
699 607 811 640 haberi
836 608 984 640 volumus
1012 618 1071 651 pro

325 670 486 702 expresso,
496 660 634 703 pendeat
647 660 802 699 indecisa,
815 660 991 694 dummodo
1003 661 1072 693 eius

325 712 490 756 dispositio
510 713 574 746 hac
590 713 657 746 vice
677 713 716 746 ad
732 710 789 746 nos
810 714 979 756 pertineat,
998 724 1070 746 cum

323 765 477 799 omnibus
500 765 627 800 iuribus
650 772 681 799 et
704 766 906 809 pertinentiis
929 766 1005 806 suis,
1029 767 1072 799 ei-

324 818 398 851 dem
433 818 576 852 ecclesiae
613 819 720 852 Sancti
744 819 865 858 Quirici
900 831 957 852 seu
986 819 1072 852 illius

322 877 491 915 perpetua)
514 872 653 912 vicen-ize,
675 872 851 915 apostolica
867 872 1069 912 auctoritate,

322 929 436 958 tenore
461 925 692 969 praesentium,
713 925 853 965 unimus,
872 925 1072 958 annectimus

324 982 356 1010 et
378 977 636 1021 incorporamus,
663 983 694 1011 et
723 989 834 1011 curam
872 978 1070 1021 praedictam

323 1030 364 1063 ab
388 1030 501 1063 eadem
525 1031 661 1064 ecclesia
685 1031 792 1064 Sancti
818 1031 991 1064 Salvatoris
1014 1031 1071 1064 ab-

323 1083 481 1123 dicamus,
498 1083 652 1127 illamque
673 1083 757 1117 dicto
781 1076 928 1117 Matthae'o
953 1089 984 1117 et
1013 1095 1071 1127 pro

323 1142 470 1180 tempore
495 1137 642 1170 existenti
662 1137 764 1181 ipsius
779 1138 924 1170 ecclesiae
943 1137 975 1171 S.
997 1137 1073 1177 Qui-

323 1189 383 1222 rici
400 1191 518 1223 rectori
543 1201 599 1223 seu
620 1196 777 1234 perpetuo
802 1190 920 1223 vicario
939 1190 1072 1223 deman-

324 1243 450 1283 damus,
476 1243 520 1276 ita
537 1244 624 1286 quod
645 1243 739 1276 liceat
757 1243 903 1276 Mattltaeo
926 1244 1070 1287 praefato,

324 1306 383 1339 per
402 1307 435 1329 se
454 1297 503 1329 rel
531 1296 630 1328 alium
662 1307 718 1330 seu
743 1297 835 1335 alios,
869 1297 1071 1340 corporalem

323 1350 559 1392 possessionem
593 1351 738 1383 ecclesiae
762 1350 793 1383 S.
821 1350 993 1383 Salvatoris
1022 1350 1071 1382 iu-

325 1401 477 1445 riumque
488 1408 517 1435 et
530 1403 801 1447 pertinentiarum
817 1402 1070 1447 praedictorum,

325 1456 458 1498 propria
477 1456 684 1496 auctoritate,
707 1457 807 1490 libere
829 1456 1073 1500 apprehendere
1092 1464 1095 1476 ¹

325 1513 357 1540 et
375 1513 534 1552 perpetuo
567 1509 718 1549 retinere,
745 1509 897 1552 illiusque
935 1509 1070 1550 fructus,

325 1561 470 1594 redditus
498 1567 530 1595 et
557 1568 730 1605 proventus
759 1562 791 1594 in
816 1572 890 1595 suos
915 1568 945 1595 et
969 1563 1073 1595 dictae

326 1614 473 1648 ecclesiae
492 1614 600 1648 Sancti
616 1615 736 1654 Quirici
756 1626 833 1648 usus
853 1620 883 1648 et
903 1615 1074 1648 utilitatem

327 1673 526 1708 convertere,
540 1668 912 1711 cuiuscumquelicentia
936 1668 1075 1712 desuper
1093 1654 1096 1683 ¹

326 1720 461 1753 minime
481 1721 646 1764 requisita.
1093 1688 1096 1774 Ι

329 1799 332 1801 Α
372 1774 387 1817 5
410 1774 441 1806 4.
468 1774 513 1807 Ne
538 1785 614 1808 vero
639 1775 743 1808 dictus
763 1774 908 1808 Matthias
938 1775 1097 1822 nimium}

1092 1544 1095 1552 i

173 1833 317 1886 cgizaffilg:
329 1826 536 1870 dispendium
558 1827 698 1870 patiatur
717 1838 753 1860 ex
773 1828 988 1870 resignatione
1016 1828 1076 1860 hu—
1094 1836 1096 1838 ·

131 1901 168 1919 m,
182 1900 203 1916 m
218 1897 238 1916 an
261 1880 481 1921 eun-iusmodi,
503 1880 542 1913 de
559 1881 696 1913 alicuius
721 1880 938 1914 subventionis
957 1881 1075 1914 auxilio

131 1928 249 1947 stitutione.

329 1933 497 1978 providere
514 1934 665 1972 volentes,
679 1933 781 1967 eidem
792 1934 928 1967 Matthia·
940 1935 1073 1974 fructus,

329 1987 475 2020 redditus
516 1994 548 2020 et
583 1993 758 2031 proventus
799 1987 904 2020 dictae
933 1988 1076 2020 ecetesiae

329 2040 438 2074 Sancti
459 2040 641 2080 Salvatoris‚
666 2051 731 2073 una
751 2051 826 2073 cum
847 2051 920 2079 usu,
941 2040 1076 2073 utilitate
1096 2066 1099 2086 ἰ

330 2099 358 2126 et
369 2093 471 2126 libera
479 2092 755 2126 administratione
769 2092 939 2125 domorum
950 2098 980 2125 et
996 2093 1077 2126 alio·
1096 2090 1099 2124 ἒ

329 2156 402 2178 rum
422 2146 583 2179 bonorum
592 2146 632 2179 ad
651 2145 795 2179 eamdem
809 2145 979 2178 ecclesiam
1000 2146 1077 2178 San·
1097 2147 1101 2193 3

331 2199 372 2231 cti
383 2198 554 2232 Salvatoris
568 2199 782 2243 spectantium
794 2204 823 2231 et
835 2198 1078 2242 pertinentium,
1098 2204 1100 2231 ζ

332 2252 439 2294 quoad
464 2252 586 2292 vixerit,
609 2252 750 2295 exceptis
769 2262 819 2284 sex
843 2251 998 2284 barilibus
1015 2250 1079 2284 vini
1098 2270 1101 2289 ς

331 2315 368 2336 ex
387 2305 563 2338 redditibus
582 2306 682 2349 ipsius
702 2304 845 2338 ecclesiae
865 2304 1080 2337 S.Satvato1·is

332 2357 418 2389 dicto
440 2358 652 2401 Mattlizeopcr
671 2358 822 2391 eumdem
844 2357 1004 2390 Mattliiam
1023 2368 1079 2389 an-
1099 2353 1103 2388 Ϊ

331 2410 382 2442 nis
406 2411 540 2453 singulis
561 2411 792 2455 persolvendis,
820 2410 921 2454 ipsius
944 2410 1078 2442 Matthaei

334 2464 371 2497 ad
399 2464 429 2495 i‹l
450 2474 598 2506 expresso
627 2465 800 2497 accedente
824 2473 999 2502 consensu,
1027 2474 1082 2494 an-

334 2513 480 2545 ctoritate
500 2519 529 2545 et
555 2518 665 2546 tenore
686 2513 919 2557 praesentium,
941 2523 1081 2545 reserva—
1102 2512 1103 2533 ἶ

336 2571 419 2599 mus,
447 2561 652 2594 concedimus
677 2568 707 2594 et
730 2561 940 2603 assignamus.

332 2648 335 2649 ⁷
377 2611 392 2651 ᾗ
415 2608 446 2640 5.
473 2609 684 2643 Decerncntcs
698 2616 820 2643 nostras
833 2614 1015 2654 praesentes
1035 2608 1083 2641 lit·

1111 230 1263 259 ROMANL'M

1114 292 1209 325 teras,
1231 285 1325 318 etiam
1347 292 1383 318 ex
1403 294 1442 320 eo
1462 283 1548 330 quod
1568 283 1722 321 interesse
1739 283 1861 321 haben-

1113 343 1158 371 tes
1178 338 1216 370 ad
1245 339 1308 371 hoc
1333 338 1435 372 vocati
1455 349 1520 374 non
1540 341 1670 381 fuerint,
1705 351 1763 373 seu
1781 340 1861 374 alias

1112 401 1149 423 ex
1180 391 1290 434 quavis
1314 401 1422 432 causa,
1444 392 1483 425 de
1517 392 1744 438 subreptionis,
1765 393 1860 426 obre-

1112 444 1232 487 ptionis
1251 455 1308 477 seu
1328 445 1486 478 nullitatis
1503 445 1578 479 vitio
1598 451 1653 479 aut
1672 446 1861 480 intentionis

1113 501 1240 529 nostrae
1259 496 1386 530 defectu
1401 497 1507 530 notari
1521 498 1570 532 vel
1591 498 1775 543 impugnari
1789 499 1862 532 nul-

1113 549 1238 582 latenus
1262 560 1369 592 posse,
1391 550 1446 583 sed
1465 550 1536 583 illas
1555 561 1681 596 semper
1695 551 1816 585 validas
1829 557 1861 585 et.

1113 602 1259 635 efficaces
1278 603 1424 644 existere,
1446 614 1607 647 suumque
1620 605 1802 648 plenarium
1816 605 1862 638 ef»

1113 655 1232 688 sectum
1253 656 1384 697 sortiri3
1406 657 1518 700 sicque
1549 657 1582 689 in
1605 657 1790 700 praemissis
1819 657 1860 691 ab

1113 707 1279 749 omnibus,
1301 720 1506 752 quacumque
1536 710 1726 744 auctoritate
1752 716 1784 744 et
1811 710 1859 744 di·-

1112 761 1232 803 gnitate
1252 762 1461 805 fulgentibuS,
1483 762 1608 796 censeri
1635 769 1667 796 et
1698 763 1860 797 observari

1112 814 1250 855 debere;
1273 825 1331 848 nec
1352 825 1417 848 non
1431 843 1438 857 ‚
1456 821 1553 859 prout
1572 820 1641 855 est,
1666 815 1798 850 irritum
1828 822 1861 850 et

1112 866 1227 907 inane,
1250 868 1275 900 si
1305 879 1398 901 secus
1426 879 1525 913 super
1549 869 1600 903 his
1627 880 1645 902 a
1674 880 1858 914 quoquam,

1112 921 1222 963 quavis
1241 922 1445 962 auctoritate,
1467 922 1606 955 scienter
1630 922 1680 956 vel
1706 922 1861 966 ignoran—

1112 978 1171 1013 ter,
1196 974 1368 1018 contigerit
1385 974 1547 1008 attentari.

1157 1027 1172 1070 ξ
1193 1026 1223 1059 6.
1251 1027 1408 1066 Quocirca
1434 1029 1608 1061 venerabili
1632 1028 1722 1062 fratri
1748 1033 1860 1066 nostro

1113 1079 1266 1123 episcopo
1285 1080 1450 1121 Amerino,
1473 1086 1504 1113 et
1522 1081 1647 1114 dilectis
1661 1081 1736 1115 filiis
1750 1075 1860 1115 nostro

1113 1132 1146 1165 in
1167 1133 1250 1166 alma
1267 1133 1350 1166 Urbe
1369 1133 1488 1166 vicario
1507 1134 1661 1176 generali,
1683 1144 1721 1167 ac
1745 1133 1862 1168 Curiae

1114 1197 1285 1219 causarum
1305 1186 1456 1220 Gamerae
1486 1187 1690 1231 Apostolicae
1718 1187 1862 1230 generali

1113 1239 1251 1272 auditori
1278 1250 1337 1283 per
1369 1240 1546 1284 apostolica
1578 1240 1696 1284 scripta
1726 1241 1862 1274 manda-

1114 1302 1186 1325 mus
1211 1298 1370 1336 quatenus
1398 1293 1458 1336 ipsi
1475 1293 1522 1326 vel
1543 1293 1607 1326 duo
1627 1298 1684 1326 aut
1702 1304 1787 1327 unus
1810 1304 1863 1328 eo-

1114 1355 1199 1385 rum,
1221 1355 1279 1388 per
1293 1355 1326 1378 se
1350 1345 1398 1378 vel
1417 1345 1517 1378 alium
1533 1356 1588 1378 seu
1599 1346 1690 1387 alios,
1707 1357 1862 1390 praesen⁴

1114 1403 1160 1430 tes
1172 1398 1293 1431 litteras
1306 1398 1377 1431 etin
1395 1398 1440 1432 eis
1453 1404 1602 1432 contenta
1615 1409 1860 1443 quaecumque,

1114 1451 1169 1483 ubi
1189 1457 1219 1484 et
1239 1451 1370 1494 quando
1389 1462 1472 1495 opus
1490 1451 1598 1492 fuerit,
1618 1463 1655 1485 ac
1668 1457 1792 1495 quoties
1802 1462 1862 1496 pro

1114 1509 1206 1546 parte
1234 1504 1371 1537 Matthaei
1396 1510 1427 1537 et
1457 1504 1598 1537 Matthia]
1620 1504 1863 1548 praedictorum

1114 1557 1235 1596 suerint
1273 1557 1440 1600 requisiti,
1474 1557 1663 1591 solemniter
1692 1558 1863 1602 publican-

1114 1616 1173 1651 tes,
1195 1610 1347 1654 illiusque
1367 1611 1400 1643 in
1430 1610 1614 1654 praemissis
1642 1611 1780 1648 efficacis
1804 1611 1862 1645 de-

1114 1663 1268 1696 fensionis
1286 1663 1448 1707 praesidio
1459 1664 1653 1704 assistentes,
1671 1664 1791 1698 saciant
1803 1674 1863 1698 au-

1115 1717 1264 1750 ctoritate
1284 1723 1394 1750 nostra
1419 1717 1604 1750 Mattliaeum
1632 1716 1774 1759 unione,
1803 1728 1862 1750 an-

1115 1770 1252 1803 nexione
1272 1777 1303 1803 et
1322 1770 1604 1814 incorporatione,
1633 1781 1672 1804 ac
1699 1770 1863 1804 Matthiam

1116 1824 1298 1868 praedictos
1317 1825 1533 1858 reservatione
1552 1824 1730 1865 fructuum,
1756 1824 1864 1859 reddi·

1116 1884 1210 1910 tuum
1229 1883 1261 1910 et
1289 1883 1504 1921 proventuum
1537 1877 1743 1918 huiusmodi,
1775 1876 1864 1910 iuxta

1117 1931 1333 1974 praesentium
1354 1930 1584 1964 continentiam
1603 1936 1790 1963 ettenorem
1809 1941 1865 1974 pa⁴

1118 1984 1209 2017 cilice
1228 1985 1370 2027 gaudere
1389 1989 1421 2017 et
1439 1984 1517 2024 frui,
1542 1994 1608 2017 non
1640 1983 1864 2027 permittentes

1118 2048 1172 2071 cos
1189 2038 1330 2081 desuper
1348 2048 1366 2070 a
1385 2048 1549 2081 quoquam
1561 2037 1807 2081 quomodolibet
1816 2038 1863 2070 in⁴

1118 2091 1224 2124 debite
1244 2091 1423 2132 molestari3
1441 2090 1694 2124 contradictores
1710 2090 1796 2123 dicta
1805 2101 1865 2123 au—

1119 2145 1264 2178 ctoritate
1293 2149 1413 2184 nostra,
1431 2143 1648 2188 appellatione
1667 2143 1862 2188 postposita,

1119 2198 1367 2241 compescendo,

1164 2251 1178 2294 ξ
1203 2250 1234 2283 7.
1256 2251 1324 2283 Non
1349 2250 1548 2283 obstantibus
1574 2249 1674 2294 priori
1704 2250 1865 2283 voluntate

1120 2310 1229 2337 nostra
1250 2304 1412 2348 praedicta
1420 2315 1428 2343 ;
1455 2314 1492 2336 ac
1512 2303 1584 2347 piae
1608 2302 1784 2336 memoriae
1802 2302 1864 2336 Bo-

1121 2357 1229 2390 nil'ucii
1253 2357 1357 2400 Papae
1378 2356 1461 2396 vm,
1489 2356 1585 2389 etiam
1609 2355 1867 2400 praedecessoris

1100 2402 1235 2451 {nostri‚
1255 2421 1380 2444 necnon
1405 2410 1627 2443 Lateranensis
1651 2409 1780 2443 concilii
1807 2420 1867 2442 no-

1101 2465 1104 2498 }
1122 2462 1248 2494 vissime
1269 2460 1434 2500 celebrati,
1457 2459 1593 2492 uniones
1616 2464 1787 2503 perpetuas
1806 2457 1867 2490 nisi

1124 2511 1252 2543 casibus
1266 2521 1284 2543 a
1304 2509 1373 2542 iure
1388 2507 1553 2553 permissis
1564 2507 1634 2541 fieri
1653 2507 1866 2551 prohibentis

1102 2554 1105 2583 ἕ
1124 2566 1153 2591 et
1173 2560 1243 2591 aliis
1263 2558 1446 2602 apostolicis
1471 2556 1758 2591 constitutionibus
1790 2566 1867 2588 con·

1124 2608 1230 2642 trariis
1250 2608 1522 2651 quibuscumque.

1943 1038 1974 1060 De
1987 1047 1989 1058 l

1871 1073 1962 1093 exeeulw
1986 1080 2001 1095 ¹,
2024 1060 2029 1062 >
2049 1073 2050 1076 ¹

1892 2246 1990 2291 Βετοςιιί7
1996 2277 2003 2294 ¹.

1878 2296 1967 2317 tration-u
1976 2304 1983 2312 υ
