<?xml version="1.0" encoding="UTF-8"?>
<!DOCTYPE html PUBLIC "-//W3C//DTD XHTML 1.0 Transitional//EN"
    "http://www.w3.org/TR/xhtml1/DTD/xhtml1-transitional.dtd">
<html xmlns="http://www.w3.org/1999/xhtml" xml:lang="en" lang="en">
 <head>
  <title>
</title>
<meta http-equiv="Content-Type" content="text/html;charset=utf-8" />
  <meta name='ocr-system' content='tesseract 3.04.00' />
  <meta name='ocr-capabilities' content='ocr_page ocr_carea ocr_par ocr_line ocrx_word'/>
</head>
<body>
  <div class='ocr_page' id='page_1' title='image "./bullarumdiplomat08cath_0989.png"; bbox 0 0 2059 3228; ppageno 0'>
   <div class='ocr_carea' id='block_1_1' title="bbox 0 0 25 593">
    <p class='ocr_par' dir='ltr' id='par_1_1' title="bbox 0 0 25 593">
     <span class='ocr_line' id='line_1_1' title="bbox 0 0 25 593; baseline 0 0"><span class='ocrx_word' id='word_1_1' title='bbox 0 0 25 593; x_wconf 95' lang='lat' dir='ltr'>   </span> 
     </span>
    </p>
   </div>
   <div class='ocr_carea' id='block_1_2' title="bbox 26 237 955 273">
    <p class='ocr_par' dir='ltr' id='par_1_2' title="bbox 26 237 955 273">
     <span class='ocr_line' id='line_1_2' title="bbox 26 237 955 273; baseline -0.003 -5"><span class='ocrx_word' id='word_1_2' title='bbox 26 245 54 268; x_wconf 76' lang='lat' dir='ltr'>ti.</span> <span class='ocrx_word' id='word_1_3' title='bbox 69 237 98 268; x_wconf 85' lang='lat' dir='ltr'>c.</span> <span class='ocrx_word' id='word_1_4' title='bbox 114 238 180 267; x_wconf 72' lang='lat'>¹587</span> <span class='ocrx_word' id='word_1_5' title='bbox 851 249 955 273; x_wconf 64' lang='lat' dir='ltr'>313&lt;va</span> 
     </span>
    </p>
   </div>
   <div class='ocr_carea' id='block_1_3' title="bbox 29 297 947 1513">
    <p class='ocr_par' dir='ltr' id='par_1_3' title="bbox 185 297 935 555">
     <span class='ocr_line' id='line_1_3' title="bbox 190 297 935 341; baseline 0.007 -12"><span class='ocrx_word' id='word_1_6' title='bbox 190 297 358 341; x_wconf 85' lang='lat' dir='ltr'>temporali</span> <span class='ocrx_word' id='word_1_7' title='bbox 380 298 524 332; x_wconf 84' lang='lat' dir='ltr'>dominio</span> <span class='ocrx_word' id='word_1_8' title='bbox 549 299 767 333; x_wconf 67' lang='lat' dir='ltr'>subiectorum</span> <span class='ocrx_word' id='word_1_9' title='bbox 785 306 868 334; x_wconf 86' lang='lat' dir='ltr'>statu</span> <span class='ocrx_word' id='word_1_10' title='bbox 887 312 935 334; x_wconf 89' lang='lat' dir='ltr'>se-</span> 
     </span>
     <span class='ocr_line' id='line_1_4' title="bbox 188 349 933 397; baseline 0.008 -15"><span class='ocrx_word' id='word_1_11' title='bbox 188 349 263 383; x_wconf 89' lang='lat' dir='ltr'>dula</span> <span class='ocrx_word' id='word_1_12' title='bbox 289 351 493 385; x_wconf 74' lang='lat' dir='ltr'>meditatione</span> <span class='ocrx_word' id='word_1_13' title='bbox 514 353 653 393; x_wconf 76' lang='lat' dir='ltr'>solliciti,</span> <span class='ocrx_word' id='word_1_14' title='bbox 678 364 715 386; x_wconf 89' lang='lat' dir='ltr'>ca</span> <span class='ocrx_word' id='word_1_15' title='bbox 744 364 802 397; x_wconf 90' lang='lat' dir='ltr'>pro</span> <span class='ocrx_word' id='word_1_16' title='bbox 827 360 933 397; x_wconf 89' lang='lat' dir='ltr'>pasto-</span> 
     </span>
     <span class='ocr_line' id='line_1_5' title="bbox 187 403 933 441; baseline 0.007 -6"><span class='ocrx_word' id='word_1_17' title='bbox 187 403 262 436; x_wconf 78' lang='lat' dir='ltr'>ralis</span> <span class='ocrx_word' id='word_1_18' title='bbox 280 404 377 437; x_wconf 82' lang='lat' dir='ltr'>oflicii</span> <span class='ocrx_word' id='word_1_19' title='bbox 398 406 496 438; x_wconf 88' lang='lat' dir='ltr'>nostri</span> <span class='ocrx_word' id='word_1_20' title='bbox 522 406 629 439; x_wconf 89' lang='lat' dir='ltr'>debito</span> <span class='ocrx_word' id='word_1_21' title='bbox 653 407 878 441; x_wconf 81' lang='lat' dir='ltr'>constituimus</span> <span class='ocrx_word' id='word_1_22' title='bbox 901 408 933 440; x_wconf 91' lang='lat' dir='ltr'>in</span> 
     </span>
     <span class='ocr_line' id='line_1_6' title="bbox 186 456 932 504; baseline 0.005 -15"><span class='ocrx_word' id='word_1_23' title='bbox 186 456 265 499; x_wconf 87' lang='lat' dir='ltr'>dies,</span> <span class='ocrx_word' id='word_1_24' title='bbox 285 469 368 501; x_wconf 84' lang='lat' dir='ltr'>quae</span> <span class='ocrx_word' id='word_1_25' title='bbox 380 459 419 491; x_wconf 89' lang='lat' dir='ltr'>ad</span> <span class='ocrx_word' id='word_1_26' title='bbox 435 458 564 492; x_wconf 89' lang='lat' dir='ltr'>illorum</span> <span class='ocrx_word' id='word_1_27' title='bbox 586 470 776 504; x_wconf 88' lang='lat' dir='ltr'>prosperum</span> <span class='ocrx_word' id='word_1_28' title='bbox 790 461 932 503; x_wconf 85' lang='lat' dir='ltr'>regimen</span> 
     </span>
     <span class='ocr_line' id='line_1_7' title="bbox 185 511 855 555; baseline 0.004 -12"><span class='ocrx_word' id='word_1_29' title='bbox 185 515 214 543; x_wconf 88' lang='lat' dir='ltr'>et</span> <span class='ocrx_word' id='word_1_30' title='bbox 235 511 429 553; x_wconf 76' lang='lat' dir='ltr'>gubernium</span> <span class='ocrx_word' id='word_1_31' title='bbox 451 518 595 555; x_wconf 73' lang='lat' dir='ltr'>spectare</span> <span class='ocrx_word' id='word_1_32' title='bbox 620 514 855 555; x_wconf 77' lang='lat' dir='ltr'>cognoscimus.</span> 
     </span>
    </p>

    <p class='ocr_par' dir='ltr' id='par_1_4' title="bbox 29 563 932 716">
     <span class='ocr_line' id='line_1_8' title="bbox 230 563 932 610; baseline 0.006 -14"><span class='ocrx_word' id='word_1_33' title='bbox 230 563 245 607; x_wconf 65' lang='grc' dir='ltr'>ξ,</span> <span class='ocrx_word' id='word_1_34' title='bbox 269 563 300 596; x_wconf 78' lang='grc'>1.</span> <span class='ocrx_word' id='word_1_35' title='bbox 329 564 409 597; x_wconf 89' lang='lat' dir='ltr'>Hinc</span> <span class='ocrx_word' id='word_1_36' title='bbox 437 571 484 598; x_wconf 79' lang='lat' dir='ltr'>est</span> <span class='ocrx_word' id='word_1_37' title='bbox 512 566 598 609; x_wconf 90' lang='lat' dir='ltr'>quod</span> <span class='ocrx_word' id='word_1_38' title='bbox 619 576 689 603; x_wconf 83' lang='lat' dir='ltr'>nos,</span> <span class='ocrx_word' id='word_1_39' title='bbox 717 567 773 610; x_wconf 84' lang='lat' dir='ltr'>qui</span> <span class='ocrx_word' id='word_1_40' title='bbox 796 567 837 599; x_wconf 85' lang='lat' dir='ltr'>ab</span> <span class='ocrx_word' id='word_1_41' title='bbox 863 577 932 610; x_wconf 80' lang='lat' dir='ltr'>ipso</span> 
     </span>
     <span class='ocr_line' id='line_1_9' title="bbox 29 615 932 670; baseline 0.006 -22"><span class='ocrx_word' id='word_1_42' title='bbox 29 615 171 670; x_wconf 37' lang='lat' dir='ltr'>¹¹:232sz</span> <span class='ocrx_word' id='word_1_43' title='bbox 185 617 390 660; x_wconf 83' lang='lat' dir='ltr'>pontificatus</span> <span class='ocrx_word' id='word_1_44' title='bbox 409 619 510 652; x_wconf 84' lang='lat' dir='ltr'>nostri</span> <span class='ocrx_word' id='word_1_45' title='bbox 530 619 621 652; x_wconf 92' lang='lat' dir='ltr'>initio</span> <span class='ocrx_word' id='word_1_46' title='bbox 641 620 673 652; x_wconf 89' lang='lat' dir='ltr'>in</span> <span class='ocrx_word' id='word_1_47' title='bbox 689 619 813 653; x_wconf 83' lang='lat' dir='ltr'>civitate</span> <span class='ocrx_word' id='word_1_48' title='bbox 825 626 932 653; x_wconf 87' lang='lat' dir='ltr'>nostra</span> 
     </span>
     <span class='ocr_line' id='line_1_10' title="bbox 32 669 931 716; baseline 0.004 -14"><span class='ocrx_word' id='word_1_49' title='bbox 32 682 94 702; x_wconf 71' lang='grc' dir='ltr'>ιοηι.</span> <span class='ocrx_word' id='word_1_50' title='bbox 185 669 294 710; x_wconf 86' lang='lat' dir='ltr'>Esina,</span> <span class='ocrx_word' id='word_1_51' title='bbox 315 676 391 704; x_wconf 74' lang='lat' dir='ltr'>tunc</span> <span class='ocrx_word' id='word_1_52' title='bbox 412 682 471 715; x_wconf 90' lang='lat' dir='ltr'>per</span> <span class='ocrx_word' id='word_1_53' title='bbox 486 682 589 705; x_wconf 90' lang='lat' dir='ltr'>unum</span> <span class='ocrx_word' id='word_1_54' title='bbox 606 678 787 716; x_wconf 78' lang='lat' dir='ltr'>praetorem</span> <span class='ocrx_word' id='word_1_55' title='bbox 801 673 860 706; x_wconf 90' lang='lat' dir='ltr'>sub</span> <span class='ocrx_word' id='word_1_56' title='bbox 876 684 931 716; x_wconf 78' lang='lat' dir='ltr'>gu-</span> 
     </span>
    </p>

    <p class='ocr_par' dir='ltr' id='par_1_5' title="bbox 178 721 947 1513">
     <span class='ocr_line' id='line_1_11' title="bbox 184 721 930 768; baseline 0.007 -14"><span class='ocrx_word' id='word_1_57' title='bbox 184 721 300 755; x_wconf 86' lang='lat' dir='ltr'>bernio</span> <span class='ocrx_word' id='word_1_58' title='bbox 324 724 509 767; x_wconf 83' lang='lat' dir='ltr'>provinciae</span> <span class='ocrx_word' id='word_1_59' title='bbox 533 730 661 758; x_wconf 80' lang='lat' dir='ltr'>n&#39;ostrae</span> <span class='ocrx_word' id='word_1_60' title='bbox 685 725 843 759; x_wconf 86' lang='lat' dir='ltr'>Marchiae</span> <span class='ocrx_word' id='word_1_61' title='bbox 863 725 930 768; x_wconf 80' lang='lat' dir='ltr'>regi</span> 
     </span>
     <span class='ocr_line' id='line_1_12' title="bbox 184 775 930 818; baseline 0.005 -10"><span class='ocrx_word' id='word_1_62' title='bbox 184 775 290 817; x_wconf 86' lang='lat' dir='ltr'>solita,</span> <span class='ocrx_word' id='word_1_63' title='bbox 312 777 455 818; x_wconf 86' lang='lat' dir='ltr'>nomine,</span> <span class='ocrx_word' id='word_1_64' title='bbox 479 777 582 818; x_wconf 79' lang='lat' dir='ltr'>titulo,</span> <span class='ocrx_word' id='word_1_65' title='bbox 614 783 697 811; x_wconf 89' lang='lat' dir='ltr'>statu</span> <span class='ocrx_word' id='word_1_66' title='bbox 730 783 760 811; x_wconf 86' lang='lat' dir='ltr'>et</span> <span class='ocrx_word' id='word_1_67' title='bbox 794 779 930 812; x_wconf 83' lang='lat' dir='ltr'>essentia</span> 
     </span>
     <span class='ocr_line' id='line_1_13' title="bbox 183 829 930 874; baseline 0.005 -13"><span class='ocrx_word' id='word_1_68' title='bbox 183 829 341 872; x_wconf 85' lang='lat' dir='ltr'>praetoris</span> <span class='ocrx_word' id='word_1_69' title='bbox 366 830 518 874; x_wconf 85' lang='lat' dir='ltr'>illiusque</span> <span class='ocrx_word' id='word_1_70' title='bbox 535 831 641 865; x_wconf 88' lang='lat' dir='ltr'>officio</span> <span class='ocrx_word' id='word_1_71' title='bbox 665 832 848 865; x_wconf 86' lang='lat' dir='ltr'>huiusmodi</span> <span class='ocrx_word' id='word_1_72' title='bbox 872 832 930 865; x_wconf 90' lang='lat' dir='ltr'>ibi-</span> 
     </span>
     <span class='ocr_line' id='line_1_14' title="bbox 183 881 928 930; baseline 0.005 -16"><span class='ocrx_word' id='word_1_73' title='bbox 183 881 256 915; x_wconf 85' lang='lat' dir='ltr'>dem</span> <span class='ocrx_word' id='word_1_74' title='bbox 276 884 451 927; x_wconf 86' lang='lat' dir='ltr'>apostolica</span> <span class='ocrx_word' id='word_1_75' title='bbox 467 885 657 918; x_wconf 87' lang='lat' dir='ltr'>auctoritate</span> <span class='ocrx_word' id='word_1_76' title='bbox 676 891 832 929; x_wconf 87' lang='lat' dir='ltr'>perpetuo</span> <span class='ocrx_word' id='word_1_77' title='bbox 852 897 928 930; x_wconf 83' lang='lat' dir='ltr'>sup-</span> 
     </span>
     <span class='ocr_line' id='line_1_15' title="bbox 182 935 928 979; baseline 0.007 -12"><span class='ocrx_word' id='word_1_78' title='bbox 182 935 301 979; x_wconf 75' lang='lat' dir='ltr'>pressis</span> <span class='ocrx_word' id='word_1_79' title='bbox 343 942 374 971; x_wconf 87' lang='lat' dir='ltr'>et</span> <span class='ocrx_word' id='word_1_80' title='bbox 405 937 572 977; x_wconf 81' lang='lat' dir='ltr'>extinctis,</span> <span class='ocrx_word' id='word_1_81' title='bbox 605 938 764 972; x_wconf 86' lang='lat' dir='ltr'>civitatem</span> <span class='ocrx_word' id='word_1_82' title='bbox 802 939 928 972; x_wconf 86' lang='lat' dir='ltr'>Esinam</span> 
     </span>
     <span class='ocr_line' id='line_1_16' title="bbox 182 989 925 1032; baseline 0.005 -11"><span class='ocrx_word' id='word_1_83' title='bbox 182 989 434 1031; x_wconf 86' lang='lat' dir='ltr'>praedictam‚ac</span> <span class='ocrx_word' id='word_1_84' title='bbox 443 991 487 1023; x_wconf 91' lang='lat' dir='ltr'>illi</span> <span class='ocrx_word' id='word_1_85' title='bbox 494 1002 530 1023; x_wconf 87' lang='lat' dir='ltr'>us</span> <span class='ocrx_word' id='word_1_86' title='bbox 538 991 724 1024; x_wconf 84' lang='lat' dir='ltr'>universum</span> <span class='ocrx_word' id='word_1_87' title='bbox 734 992 911 1025; x_wconf 87' lang='lat' dir='ltr'>districtum</span> <span class='ocrx_word' id='word_1_88' title='bbox 918 1018 925 1032; x_wconf 88' lang='lat'>‚</span> 
     </span>
     <span class='ocr_line' id='line_1_17' title="bbox 181 1041 929 1084; baseline 0.005 -10"><span class='ocrx_word' id='word_1_89' title='bbox 181 1041 380 1084; x_wconf 83' lang='lat' dir='ltr'>comitatum,</span> <span class='ocrx_word' id='word_1_90' title='bbox 400 1049 513 1083; x_wconf 74' lang='lat' dir='ltr'>terras,</span> <span class='ocrx_word' id='word_1_91' title='bbox 536 1050 638 1077; x_wconf 88' lang='lat' dir='ltr'>castra</span> <span class='ocrx_word' id='word_1_92' title='bbox 663 1051 693 1077; x_wconf 85' lang='lat' dir='ltr'>et</span> <span class='ocrx_word' id='word_1_93' title='bbox 712 1045 782 1078; x_wconf 90' lang='lat' dir='ltr'>loca</span> <span class='ocrx_word' id='word_1_94' title='bbox 802 1055 929 1078; x_wconf 75' lang='lat' dir='ltr'>eorum-</span> 
     </span>
     <span class='ocr_line' id='line_1_18' title="bbox 181 1095 924 1141; baseline 0.004 -13"><span class='ocrx_word' id='word_1_95' title='bbox 181 1105 243 1138; x_wconf 85' lang='lat' dir='ltr'>que</span> <span class='ocrx_word' id='word_1_96' title='bbox 263 1095 358 1136; x_wconf 90' lang='lat' dir='ltr'>cives,</span> <span class='ocrx_word' id='word_1_97' title='bbox 375 1095 508 1136; x_wconf 82' lang='lat' dir='ltr'>incolas,</span> <span class='ocrx_word' id='word_1_98' title='bbox 531 1096 738 1137; x_wconf 79' lang='lat' dir='ltr'>habitatores,</span> <span class='ocrx_word' id='word_1_99' title='bbox 762 1109 924 1141; x_wconf 77' lang='lat' dir='ltr'>personas,</span> 
     </span>
     <span class='ocr_line' id='line_1_19' title="bbox 181 1148 927 1195; baseline 0.004 -14"><span class='ocrx_word' id='word_1_100' title='bbox 181 1158 232 1181; x_wconf 90' lang='lat' dir='ltr'>res</span> <span class='ocrx_word' id='word_1_101' title='bbox 243 1153 274 1181; x_wconf 89' lang='lat' dir='ltr'>et</span> <span class='ocrx_word' id='word_1_102' title='bbox 282 1148 367 1182; x_wconf 88' lang='lat' dir='ltr'>bona</span> <span class='ocrx_word' id='word_1_103' title='bbox 380 1149 529 1193; x_wconf 84' lang='lat' dir='ltr'>regimini</span> <span class='ocrx_word' id='word_1_104' title='bbox 541 1156 570 1183; x_wconf 89' lang='lat' dir='ltr'>et</span> <span class='ocrx_word' id='word_1_105' title='bbox 582 1151 741 1193; x_wconf 82' lang='lat' dir='ltr'>gubernio</span> <span class='ocrx_word' id='word_1_106' title='bbox 758 1151 852 1184; x_wconf 88' lang='lat' dir='ltr'>unius</span> <span class='ocrx_word' id='word_1_107' title='bbox 871 1162 927 1195; x_wconf 78' lang='lat' dir='ltr'>gu—</span> 
     </span>
     <span class='ocr_line' id='line_1_20' title="bbox 179 1200 926 1243; baseline 0.001 -9"><span class='ocrx_word' id='word_1_108' title='bbox 179 1200 359 1235; x_wconf 86' lang='lat' dir='ltr'>bernatoris</span> <span class='ocrx_word' id='word_1_109' title='bbox 378 1201 497 1235; x_wconf 83' lang='lat' dir='ltr'>ibidem</span> <span class='ocrx_word' id='word_1_110' title='bbox 516 1203 665 1243; x_wconf 87' lang='lat' dir='ltr'>instituti,</span> <span class='ocrx_word' id='word_1_111' title='bbox 688 1214 760 1236; x_wconf 88' lang='lat' dir='ltr'>cum</span> <span class='ocrx_word' id='word_1_112' title='bbox 777 1205 926 1237; x_wconf 77' lang='lat' dir='ltr'>omnibus</span> 
     </span>
     <span class='ocr_line' id='line_1_21' title="bbox 179 1254 926 1301; baseline 0.004 -14"><span class='ocrx_word' id='word_1_113' title='bbox 179 1254 378 1295; x_wconf 86' lang='lat' dir='ltr'>honoribus,</span> <span class='ocrx_word' id='word_1_114' title='bbox 406 1255 582 1300; x_wconf 77' lang='lat' dir='ltr'>privilegiis</span> <span class='ocrx_word' id='word_1_115' title='bbox 610 1262 640 1289; x_wconf 88' lang='lat' dir='ltr'>et</span> <span class='ocrx_word' id='word_1_116' title='bbox 665 1257 926 1301; x_wconf 59' lang='lat' dir='ltr'>praieminentiis,</span> 
     </span>
     <span class='ocr_line' id='line_1_22' title="bbox 179 1307 925 1352; baseline 0.004 -12"><span class='ocrx_word' id='word_1_117' title='bbox 179 1307 297 1350; x_wconf 85' lang='lat' dir='ltr'>quibus</span> <span class='ocrx_word' id='word_1_118' title='bbox 328 1308 561 1352; x_wconf 81' lang='lat' dir='ltr'>gubernatores</span> <span class='ocrx_word' id='word_1_119' title='bbox 598 1310 733 1342; x_wconf 87' lang='lat' dir='ltr'>aliarum</span> <span class='ocrx_word' id='word_1_120' title='bbox 764 1309 925 1343; x_wconf 81' lang='lat' dir='ltr'>civitatum</span> 
     </span>
     <span class='ocr_line' id='line_1_23' title="bbox 179 1360 925 1406; baseline 0.004 -13"><span class='ocrx_word' id='word_1_121' title='bbox 179 1360 284 1394; x_wconf 84' lang='lat' dir='ltr'>dictae</span> <span class='ocrx_word' id='word_1_122' title='bbox 294 1361 453 1395; x_wconf 82' lang='lat' dir='ltr'>Marchiae</span> <span class='ocrx_word' id='word_1_123' title='bbox 473 1362 674 1403; x_wconf 77' lang='lat' dir='ltr'>fruebantur,</span> <span class='ocrx_word' id='word_1_124' title='bbox 697 1374 754 1406; x_wconf 88' lang='lat' dir='ltr'>per</span> <span class='ocrx_word' id='word_1_125' title='bbox 770 1363 925 1406; x_wconf 86' lang='lat' dir='ltr'>quasdam</span> 
     </span>
     <span class='ocr_line' id='line_1_24' title="bbox 178 1413 947 1488; baseline 0.004 -42"><span class='ocrx_word' id='word_1_126' title='bbox 178 1413 387 1455; x_wconf 83' lang='lat' dir='ltr'>subiecimus,</span> <span class='ocrx_word' id='word_1_127' title='bbox 408 1421 440 1448; x_wconf 85' lang='lat' dir='ltr'>et</span> <span class='ocrx_word' id='word_1_128' title='bbox 462 1415 578 1449; x_wconf 90' lang='lat' dir='ltr'>deinde</span> <span class='ocrx_word' id='word_1_129' title='bbox 599 1417 830 1449; x_wconf 90' lang='lat' dir='ltr'>nonnullorum</span> <span class='ocrx_word' id='word_1_130' title='bbox 846 1428 924 1460; x_wconf 89' lang='lat' dir='ltr'>que·</span> <span class='ocrx_word' id='word_1_131' title='bbox 944 1430 947 1488; x_wconf 81' lang='grc' dir='ltr'>Ι</span> 
     </span>
     <span class='ocr_line' id='line_1_25' title="bbox 179 1467 947 1513; baseline 0.004 -14"><span class='ocrx_word' id='word_1_132' title='bbox 179 1467 255 1500; x_wconf 88' lang='lat' dir='ltr'>relis</span> <span class='ocrx_word' id='word_1_133' title='bbox 274 1468 413 1513; x_wconf 85' lang='lat' dir='ltr'>desuper</span> <span class='ocrx_word' id='word_1_134' title='bbox 443 1469 641 1513; x_wconf 79' lang='lat' dir='ltr'>interpositis</span> <span class='ocrx_word' id='word_1_135' title='bbox 666 1469 806 1510; x_wconf 87' lang='lat' dir='ltr'>adducti,</span> <span class='ocrx_word' id='word_1_136' title='bbox 828 1470 947 1511; x_wconf 71' lang='lat' dir='ltr'>extin-‚</span> 
     </span>
    </p>
   </div>
   <div class='ocr_carea' id='block_1_4' title="bbox 973 239 1676 274">
    <p class='ocr_par' dir='ltr' id='par_1_6' title="bbox 973 239 1676 274">
     <span class='ocr_line' id='line_1_26' title="bbox 973 239 1676 274; baseline -0.003 0"><span class='ocrx_word' id='word_1_137' title='bbox 973 249 991 273; x_wconf 89' lang='lat' dir='ltr'>v</span> <span class='ocrx_word' id='word_1_138' title='bbox 1012 249 1059 274; x_wconf 73' lang='lat' dir='ltr'>rr.</span> <span class='ocrx_word' id='word_1_139' title='bbox 1613 239 1676 273; x_wconf 68' lang='lat'>973</span> 
     </span>
    </p>
   </div>
   <div class='ocr_carea' id='block_1_5' title="bbox 965 299 1721 1459">
    <p class='ocr_par' dir='ltr' id='par_1_7' title="bbox 965 299 1721 1459">
     <span class='ocr_line' id='line_1_27' title="bbox 974 299 1719 341; baseline 0.001 -8"><span class='ocrx_word' id='word_1_140' title='bbox 974 301 1138 334; x_wconf 88' lang='lat' dir='ltr'>doctorem</span> <span class='ocrx_word' id='word_1_141' title='bbox 1152 327 1159 340; x_wconf 91' lang='lat'>,</span> <span class='ocrx_word' id='word_1_142' title='bbox 1194 306 1224 334; x_wconf 72' lang='lat' dir='ltr'>et</span> <span class='ocrx_word' id='word_1_143' title='bbox 1261 300 1445 333; x_wconf 84' lang='lat' dir='ltr'>Polidorum</span> <span class='ocrx_word' id='word_1_144' title='bbox 1484 299 1719 341; x_wconf 85' lang='lat' dir='ltr'>Baldassinum,</span> 
     </span>
     <span class='ocr_line' id='line_1_28' title="bbox 974 354 1718 398; baseline -0.001 -10"><span class='ocrx_word' id='word_1_145' title='bbox 974 364 1086 388; x_wconf 88' lang='lat' dir='ltr'>eorum</span> <span class='ocrx_word' id='word_1_146' title='bbox 1121 355 1268 387; x_wconf 74' lang='lat' dir='ltr'>concives</span> <span class='ocrx_word' id='word_1_147' title='bbox 1302 360 1331 387; x_wconf 82' lang='lat' dir='ltr'>ct</span> <span class='ocrx_word' id='word_1_148' title='bbox 1354 354 1439 398; x_wconf 87' lang='lat' dir='ltr'>apud</span> <span class='ocrx_word' id='word_1_149' title='bbox 1460 365 1517 386; x_wconf 83' lang='lat' dir='ltr'>nos</span> <span class='ocrx_word' id='word_1_150' title='bbox 1542 360 1572 387; x_wconf 90' lang='lat' dir='ltr'>ct</span> <span class='ocrx_word' id='word_1_151' title='bbox 1605 354 1718 387; x_wconf 84' lang='lat' dir='ltr'>Sedem</span> 
     </span>
     <span class='ocr_line' id='line_1_29' title="bbox 974 407 1721 452; baseline -0.001 -12"><span class='ocrx_word' id='word_1_152' title='bbox 974 407 1169 452; x_wconf 68' lang='lat' dir='ltr'>praedictam</span> <span class='ocrx_word' id='word_1_153' title='bbox 1199 407 1229 439; x_wconf 93' lang='lat' dir='ltr'>in</span> <span class='ocrx_word' id='word_1_154' title='bbox 1258 407 1317 439; x_wconf 77' lang='lat' dir='ltr'>liae</span> <span class='ocrx_word' id='word_1_155' title='bbox 1346 413 1434 450; x_wconf 84' lang='lat' dir='ltr'>parte</span> <span class='ocrx_word' id='word_1_156' title='bbox 1458 413 1600 450; x_wconf 76' lang='lat' dir='ltr'>agentes,</span> <span class='ocrx_word' id='word_1_157' title='bbox 1628 408 1721 441; x_wconf 78' lang='lat' dir='ltr'>nobis</span> 
     </span>
     <span class='ocr_line' id='line_1_30' title="bbox 974 461 1720 503; baseline 0 -10"><span class='ocrx_word' id='word_1_158' title='bbox 974 461 1012 493; x_wconf 88' lang='lat' dir='ltr'>ad</span> <span class='ocrx_word' id='word_1_159' title='bbox 1033 461 1180 493; x_wconf 78' lang='lat' dir='ltr'>effectum</span> <span class='ocrx_word' id='word_1_160' title='bbox 1194 471 1308 493; x_wconf 84' lang='lat' dir='ltr'>causae</span> <span class='ocrx_word' id='word_1_161' title='bbox 1328 470 1483 494; x_wconf 80' lang='lat' dir='ltr'>onerosae</span> <span class='ocrx_word' id='word_1_162' title='bbox 1499 461 1720 503; x_wconf 87' lang='lat' dir='ltr'>praesentibus</span> 
     </span>
     <span class='ocr_line' id='line_1_31' title="bbox 973 513 1720 557; baseline 0.001 -11"><span class='ocrx_word' id='word_1_163' title='bbox 973 519 1143 546; x_wconf 82' lang='lat' dir='ltr'>contentae</span> <span class='ocrx_word' id='word_1_164' title='bbox 1171 513 1368 554; x_wconf 83' lang='lat' dir='ltr'>obtulerunt,</span> <span class='ocrx_word' id='word_1_165' title='bbox 1394 524 1431 547; x_wconf 84' lang='lat' dir='ltr'>ac</span> <span class='ocrx_word' id='word_1_166' title='bbox 1451 513 1644 557; x_wconf 85' lang='lat' dir='ltr'>depositario</span> <span class='ocrx_word' id='word_1_167' title='bbox 1664 524 1720 547; x_wconf 91' lang='lat' dir='ltr'>no-</span> 
     </span>
     <span class='ocr_line' id='line_1_32' title="bbox 972 566 1717 610; baseline 0 -11"><span class='ocrx_word' id='word_1_168' title='bbox 972 572 1037 599; x_wconf 78' lang='lat' dir='ltr'>stro</span> <span class='ocrx_word' id='word_1_169' title='bbox 1058 567 1199 608; x_wconf 67' lang='lat' dir='ltr'>generali</span> <span class='ocrx_word' id='word_1_170' title='bbox 1220 566 1348 599; x_wconf 80' lang='lat' dir='ltr'>realiter</span> <span class='ocrx_word' id='word_1_171' title='bbox 1368 572 1484 599; x_wconf 91' lang='lat' dir='ltr'>etcum</span> <span class='ocrx_word' id='word_1_172' title='bbox 1509 567 1623 600; x_wconf 72' lang='lat' dir='ltr'>etl&#39;cctu</span> <span class='ocrx_word' id='word_1_173' title='bbox 1644 577 1717 610; x_wconf 88' lang='lat' dir='ltr'>per-</span> 
     </span>
     <span class='ocr_line' id='line_1_33' title="bbox 973 619 1718 661; baseline -0.001 -9"><span class='ocrx_word' id='word_1_174' title='bbox 973 619 1050 652; x_wconf 88' lang='lat' dir='ltr'>solvi</span> <span class='ocrx_word' id='word_1_175' title='bbox 1077 624 1243 659; x_wconf 88' lang='lat' dir='ltr'>curarunt,</span> <span class='ocrx_word' id='word_1_176' title='bbox 1271 619 1351 661; x_wconf 70' lang='lat' dir='ltr'>grati</span> <span class='ocrx_word' id='word_1_177' title='bbox 1371 619 1469 652; x_wconf 90' lang='lat' dir='ltr'>animi</span> <span class='ocrx_word' id='word_1_178' title='bbox 1490 619 1617 659; x_wconf 79' lang='lat' dir='ltr'>affectu,</span> <span class='ocrx_word' id='word_1_179' title='bbox 1641 629 1718 652; x_wconf 86' lang='lat' dir='ltr'>con-</span> 
     </span>
     <span class='ocr_line' id='line_1_34' title="bbox 971 672 1718 716; baseline 0.003 -13"><span class='ocrx_word' id='word_1_180' title='bbox 971 672 1140 715; x_wconf 75' lang='lat' dir='ltr'>dignisque</span> <span class='ocrx_word' id='word_1_181' title='bbox 1160 673 1319 705; x_wconf 81' lang='lat' dir='ltr'>favoribus</span> <span class='ocrx_word' id='word_1_182' title='bbox 1337 678 1368 705; x_wconf 86' lang='lat' dir='ltr'>et</span> <span class='ocrx_word' id='word_1_183' title='bbox 1390 672 1500 715; x_wconf 83' lang='lat' dir='ltr'>gratiis</span> <span class='ocrx_word' id='word_1_184' title='bbox 1516 672 1667 716; x_wconf 85' lang='lat' dir='ltr'>prosequi</span> <span class='ocrx_word' id='word_1_185' title='bbox 1688 678 1718 706; x_wconf 89' lang='lat' dir='ltr'>et</span> 
     </span>
     <span class='ocr_line' id='line_1_35' title="bbox 971 725 1718 768; baseline 0 -11"><span class='ocrx_word' id='word_1_186' title='bbox 971 734 1181 768; x_wconf 81' lang='lat' dir='ltr'>compensare</span> <span class='ocrx_word' id='word_1_187' title='bbox 1201 725 1353 765; x_wconf 87' lang='lat' dir='ltr'>volentes,</span> <span class='ocrx_word' id='word_1_188' title='bbox 1376 735 1502 758; x_wconf 87' lang='lat' dir='ltr'>necnon</span> <span class='ocrx_word' id='word_1_189' title='bbox 1539 725 1718 757; x_wconf 68' lang='lat' dir='ltr'>communi—</span> 
     </span>
     <span class='ocr_line' id='line_1_36' title="bbox 970 778 1717 811; baseline 0 -1"><span class='ocrx_word' id='word_1_190' title='bbox 970 783 1066 811; x_wconf 89' lang='lat' dir='ltr'>tatem</span> <span class='ocrx_word' id='word_1_191' title='bbox 1088 783 1119 811; x_wconf 89' lang='lat' dir='ltr'>et</span> <span class='ocrx_word' id='word_1_192' title='bbox 1139 778 1287 811; x_wconf 81' lang='lat' dir='ltr'>homines</span> <span class='ocrx_word' id='word_1_193' title='bbox 1306 790 1342 811; x_wconf 88' lang='lat' dir='ltr'>ae</span> <span class='ocrx_word' id='word_1_194' title='bbox 1354 778 1433 811; x_wconf 87' lang='lat' dir='ltr'>alios</span> <span class='ocrx_word' id='word_1_195' title='bbox 1449 778 1570 811; x_wconf 82' lang='lat' dir='ltr'>incolas</span> <span class='ocrx_word' id='word_1_196' title='bbox 1585 784 1615 811; x_wconf 90' lang='lat' dir='ltr'>et</span> <span class='ocrx_word' id='word_1_197' title='bbox 1628 778 1717 811; x_wconf 89' lang='lat' dir='ltr'>habi-</span> 
     </span>
     <span class='ocr_line' id='line_1_37' title="bbox 971 831 1715 875; baseline -0.001 -11"><span class='ocrx_word' id='word_1_198' title='bbox 971 837 1087 864; x_wconf 76' lang='lat' dir='ltr'>tatores</span> <span class='ocrx_word' id='word_1_199' title='bbox 1110 831 1292 875; x_wconf 86' lang='lat' dir='ltr'>praedictos</span> <span class='ocrx_word' id='word_1_200' title='bbox 1311 842 1328 864; x_wconf 89' lang='lat' dir='ltr'>a</span> <span class='ocrx_word' id='word_1_201' title='bbox 1348 831 1510 874; x_wconf 71' lang='lat' dir='ltr'>quibusvis</span> <span class='ocrx_word' id='word_1_202' title='bbox 1529 841 1715 864; x_wconf 84' lang='lat' dir='ltr'>excommu—</span> 
     </span>
     <span class='ocr_line' id='line_1_38' title="bbox 970 884 1715 928; baseline 0 -12"><span class='ocrx_word' id='word_1_203' title='bbox 970 884 1150 925; x_wconf 77' lang='lat' dir='ltr'>nicationis,</span> <span class='ocrx_word' id='word_1_204' title='bbox 1161 884 1381 928; x_wconf 79' lang='lat' dir='ltr'>suspensionis</span> <span class='ocrx_word' id='word_1_205' title='bbox 1397 890 1426 917; x_wconf 92' lang='lat' dir='ltr'>et</span> <span class='ocrx_word' id='word_1_206' title='bbox 1448 884 1607 917; x_wconf 85' lang='lat' dir='ltr'>interdicti</span> <span class='ocrx_word' id='word_1_207' title='bbox 1632 884 1715 917; x_wconf 84' lang='lat' dir='ltr'>aliis-</span> 
     </span>
     <span class='ocr_line' id='line_1_39' title="bbox 968 936 1714 979; baseline -0.003 -9"><span class='ocrx_word' id='word_1_208' title='bbox 968 948 1031 979; x_wconf 86' lang='lat' dir='ltr'>que</span> <span class='ocrx_word' id='word_1_209' title='bbox 1055 937 1281 970; x_wconf 69' lang='lat' dir='ltr'>ecclesiasticis</span> <span class='ocrx_word' id='word_1_210' title='bbox 1311 936 1487 976; x_wconf 80' lang='lat' dir='ltr'>sententiis,</span> <span class='ocrx_word' id='word_1_211' title='bbox 1513 937 1657 969; x_wconf 76' lang='lat' dir='ltr'>censuris</span> <span class='ocrx_word' id='word_1_212' title='bbox 1684 941 1714 968; x_wconf 66' lang='lat' dir='ltr'>et</span> 
     </span>
     <span class='ocr_line' id='line_1_40' title="bbox 969 989 1712 1033; baseline -0.001 -11"><span class='ocrx_word' id='word_1_213' title='bbox 969 990 1092 1033; x_wconf 48' lang='lat' dir='ltr'>poeni&amp;</span> <span class='ocrx_word' id='word_1_214' title='bbox 1128 1001 1146 1023; x_wconf 85' lang='lat' dir='ltr'>a</span> <span class='ocrx_word' id='word_1_215' title='bbox 1180 991 1249 1023; x_wconf 88' lang='lat' dir='ltr'>iure</span> <span class='ocrx_word' id='word_1_216' title='bbox 1287 991 1335 1023; x_wconf 87' lang='lat' dir='ltr'>vel</span> <span class='ocrx_word' id='word_1_217' title='bbox 1363 990 1402 1022; x_wconf 90' lang='lat' dir='ltr'>ab</span> <span class='ocrx_word' id='word_1_218' title='bbox 1427 990 1570 1030; x_wconf 87' lang='lat' dir='ltr'>homine,</span> <span class='ocrx_word' id='word_1_219' title='bbox 1602 989 1712 1033; x_wconf 60' lang='lat' dir='ltr'>quatis</span> 
     </span>
     <span class='ocr_line' id='line_1_41' title="bbox 968 1042 1715 1086; baseline -0.003 -11"><span class='ocrx_word' id='word_1_220' title='bbox 968 1043 1136 1076; x_wconf 82' lang='lat' dir='ltr'>occasione</span> <span class='ocrx_word' id='word_1_221' title='bbox 1151 1044 1199 1076; x_wconf 87' lang='lat' dir='ltr'>vel</span> <span class='ocrx_word' id='word_1_222' title='bbox 1224 1054 1320 1076; x_wconf 82' lang='lat' dir='ltr'>causa</span> <span class='ocrx_word' id='word_1_223' title='bbox 1342 1043 1424 1083; x_wconf 89' lang='lat' dir='ltr'>latis,</span> <span class='ocrx_word' id='word_1_224' title='bbox 1450 1043 1475 1076; x_wconf 91' lang='lat' dir='ltr'>si</span> <span class='ocrx_word' id='word_1_225' title='bbox 1496 1042 1613 1086; x_wconf 89' lang='lat' dir='ltr'>quibus</span> <span class='ocrx_word' id='word_1_226' title='bbox 1631 1053 1650 1085; x_wconf 87' lang='lat' dir='ltr'>q</span> <span class='ocrx_word' id='word_1_227' title='bbox 1666 1054 1715 1083; x_wconf 67' lang='lat' dir='ltr'>ie-1</span> 
     </span>
     <span class='ocr_line' id='line_1_42' title="bbox 968 1095 1716 1136; baseline -0.001 -8"><span class='ocrx_word' id='word_1_228' title='bbox 968 1096 1143 1129; x_wconf 91' lang='lat' dir='ltr'>modolibet</span> <span class='ocrx_word' id='word_1_229' title='bbox 1166 1097 1308 1130; x_wconf 81' lang='lat' dir='ltr'>innodati</span> <span class='ocrx_word' id='word_1_230' title='bbox 1334 1096 1482 1136; x_wconf 86' lang='lat' dir='ltr'>existunt,</span> <span class='ocrx_word' id='word_1_231' title='bbox 1505 1096 1543 1128; x_wconf 91' lang='lat' dir='ltr'>ad</span> <span class='ocrx_word' id='word_1_232' title='bbox 1564 1095 1650 1129; x_wconf 72' lang='lat' dir='ltr'>effeci</span> <span class='ocrx_word' id='word_1_233' title='bbox 1669 1104 1716 1127; x_wconf 51' lang='lat' dir='ltr'>un*</span> 
     </span>
     <span class='ocr_line' id='line_1_43' title="bbox 967 1149 1712 1192; baseline -0.001 -11"><span class='ocrx_word' id='word_1_234' title='bbox 967 1150 1184 1192; x_wconf 83' lang='lat' dir='ltr'>praesentium</span> <span class='ocrx_word' id='word_1_235' title='bbox 1197 1150 1361 1183; x_wconf 77' lang='lat' dir='ltr'>dumtaxat</span> <span class='ocrx_word' id='word_1_236' title='bbox 1372 1149 1644 1192; x_wconf 87' lang='lat' dir='ltr'>consequendum.</span> <span class='ocrx_word' id='word_1_237' title='bbox 1657 1149 1712 1180; x_wconf 88' lang='lat' dir='ltr'>lia-</span> 
     </span>
     <span class='ocr_line' id='line_1_44' title="bbox 966 1202 1710 1236; baseline -0.001 -2"><span class='ocrx_word' id='word_1_238' title='bbox 966 1212 1039 1234; x_wconf 90' lang='lat' dir='ltr'>rum</span> <span class='ocrx_word' id='word_1_239' title='bbox 1060 1203 1141 1236; x_wconf 86' lang='lat' dir='ltr'>serie</span> <span class='ocrx_word' id='word_1_240' title='bbox 1166 1203 1366 1236; x_wconf 80' lang='lat' dir='ltr'>absolventes</span> <span class='ocrx_word' id='word_1_241' title='bbox 1395 1208 1424 1235; x_wconf 92' lang='lat' dir='ltr'>et</span> <span class='ocrx_word' id='word_1_242' title='bbox 1454 1202 1618 1234; x_wconf 73' lang='lat' dir='ltr'>absolutos</span> <span class='ocrx_word' id='word_1_243' title='bbox 1644 1203 1710 1233; x_wconf 82' lang='lat' dir='ltr'>t&#39;ore</span> 
     </span>
     <span class='ocr_line' id='line_1_45' title="bbox 967 1255 1712 1295; baseline -0.004 -7"><span class='ocrx_word' id='word_1_244' title='bbox 967 1262 1144 1295; x_wconf 73' lang='lat' dir='ltr'>censenteS,</span> <span class='ocrx_word' id='word_1_245' title='bbox 1163 1267 1200 1289; x_wconf 87' lang='lat' dir='ltr'>ac</span> <span class='ocrx_word' id='word_1_246' title='bbox 1223 1257 1263 1289; x_wconf 89' lang='lat' dir='ltr'>ad</span> <span class='ocrx_word' id='word_1_247' title='bbox 1280 1257 1378 1289; x_wconf 82' lang='lat' dir='ltr'>instar</span> <span class='ocrx_word' id='word_1_248' title='bbox 1397 1255 1535 1288; x_wconf 88' lang='lat' dir='ltr'>aliorum</span> <span class='ocrx_word' id='word_1_249' title='bbox 1551 1255 1712 1288; x_wconf 82' lang='lat' dir='ltr'>Romano-</span> 
     </span>
     <span class='ocr_line' id='line_1_46' title="bbox 966 1307 1719 1368; baseline -0.001 -28"><span class='ocrx_word' id='word_1_250' title='bbox 966 1319 1037 1341; x_wconf 87' lang='lat' dir='ltr'>rum</span> <span class='ocrx_word' id='word_1_251' title='bbox 1063 1309 1254 1342; x_wconf 83' lang='lat' dir='ltr'>Pontificum</span> <span class='ocrx_word' id='word_1_252' title='bbox 1281 1309 1563 1352; x_wconf 75' lang='lat' dir='ltr'>praedecessorum</span> <span class='ocrx_word' id='word_1_253' title='bbox 1588 1307 1719 1368; x_wconf 42' lang='lat' dir='ltr'>nostro—2</span> 
     </span>
     <span class='ocr_line' id='line_1_47' title="bbox 966 1358 1709 1406; baseline -0.004 -12"><span class='ocrx_word' id='word_1_254' title='bbox 966 1372 1052 1401; x_wconf 88' lang='lat' dir='ltr'>rum,</span> <span class='ocrx_word' id='word_1_255' title='bbox 1073 1373 1091 1394; x_wconf 87' lang='lat' dir='ltr'>a</span> <span class='ocrx_word' id='word_1_256' title='bbox 1106 1362 1222 1406; x_wconf 90' lang='lat' dir='ltr'>quibus</span> <span class='ocrx_word' id='word_1_257' title='bbox 1236 1362 1393 1405; x_wconf 69' lang='lat' dir='ltr'>gubernia</span> <span class='ocrx_word' id='word_1_258' title='bbox 1404 1367 1435 1394; x_wconf 87' lang='lat' dir='ltr'>et</span> <span class='ocrx_word' id='word_1_259' title='bbox 1447 1361 1600 1404; x_wconf 77' lang='lat' dir='ltr'>regimina</span> <span class='ocrx_word' id='word_1_260' title='bbox 1615 1358 1709 1393; x_wconf 84' lang='lat' dir='ltr'>variis</span> 
     </span>
     <span class='ocr_line' id='line_1_48' title="bbox 965 1413 1706 1459; baseline -0.003 -12"><span class='ocrx_word' id='word_1_261' title='bbox 965 1415 1166 1459; x_wconf 86' lang='lat' dir='ltr'>temporibus</span> <span class='ocrx_word' id='word_1_262' title='bbox 1199 1414 1341 1449; x_wconf 82' lang='lat' dir='ltr'>instituta</span> <span class='ocrx_word' id='word_1_263' title='bbox 1367 1420 1399 1448; x_wconf 87' lang='lat' dir='ltr'>et</span> <span class='ocrx_word' id='word_1_264' title='bbox 1429 1424 1572 1457; x_wconf 75' lang='lat' dir='ltr'>separata</span> <span class='ocrx_word' id='word_1_265' title='bbox 1604 1413 1706 1452; x_wconf 84' lang='lat' dir='ltr'>fuere,</span> 
     </span>
    </p>
   </div>
   <div class='ocr_carea' id='block_1_6' title="bbox 1735 246 1916 276">
    <p class='ocr_par' dir='ltr' id='par_1_8' title="bbox 1735 246 1916 276">
     <span class='ocr_line' id='line_1_49' title="bbox 1735 246 1916 276; baseline -0.011 0"><span class='ocrx_word' id='word_1_266' title='bbox 1735 247 1790 276; x_wconf 79' lang='lat' dir='ltr'>An.</span> <span class='ocrx_word' id='word_1_267' title='bbox 1806 246 1916 275; x_wconf 68' lang='lat'><strong>01587</strong></span> 
     </span>
    </p>
   </div>
   <div class='ocr_carea' id='block_1_7' title="bbox 966 1467 1738 1513">
    <p class='ocr_par' dir='ltr' id='par_1_9' title="bbox 966 1467 1738 1513">
     <span class='ocr_line' id='line_1_50' title="bbox 966 1467 1738 1513; baseline -0.003 -13"><span class='ocrx_word' id='word_1_268' title='bbox 966 1468 1255 1512; x_wconf 86' lang='lat' dir='ltr'>supplicationibus</span> <span class='ocrx_word' id='word_1_269' title='bbox 1271 1468 1520 1505; x_wconf 48' lang='lat' dir='ltr'>communitati&amp;</span> <span class='ocrx_word' id='word_1_270' title='bbox 1539 1467 1708 1500; x_wconf 86' lang='lat' dir='ltr'>hominum</span> <span class='ocrx_word' id='word_1_271' title='bbox 1732 1508 1738 1513; x_wconf 86' lang='lat'>.</span> 
     </span>
    </p>
   </div>
   <div class='ocr_carea' id='block_1_8' title="bbox 177 1514 1710 1833">
    <p class='ocr_par' dir='ltr' id='par_1_10' title="bbox 177 1514 1710 1833">
     <span class='ocr_line' id='line_1_51' title="bbox 178 1514 1709 1566; baseline -0.001 -13"><span class='ocrx_word' id='word_1_272' title='bbox 178 1525 266 1553; x_wconf 88' lang='lat' dir='ltr'>ctum</span> <span class='ocrx_word' id='word_1_273' title='bbox 286 1521 429 1555; x_wconf 83' lang='lat' dir='ltr'>officium</span> <span class='ocrx_word' id='word_1_274' title='bbox 445 1523 604 1566; x_wconf 87' lang='lat' dir='ltr'>praetoris</span> <span class='ocrx_word' id='word_1_275' title='bbox 615 1522 800 1556; x_wconf 89' lang='lat' dir='ltr'>huiusmodi</span> <span class='ocrx_word' id='word_1_276' title='bbox 818 1522 851 1556; x_wconf 92' lang='lat' dir='ltr'>in</span> <span class='ocrx_word' id='word_1_277' title='bbox 866 1533 925 1565; x_wconf 83' lang='lat' dir='ltr'>gu-</span> <span class='ocrx_word' id='word_1_278' title='bbox 943 1514 947 1563; x_wconf 74' lang='grc' dir='ltr'>Ι</span> <span class='ocrx_word' id='word_1_279' title='bbox 966 1522 1172 1562; x_wconf 67' lang='lat' dir='ltr'>cingentium</span> <span class='ocrx_word' id='word_1_280' title='bbox 1194 1521 1429 1565; x_wconf 87' lang='lat' dir='ltr'>praedictorum</span> <span class='ocrx_word' id='word_1_281' title='bbox 1451 1530 1581 1564; x_wconf 77' lang='lat' dir='ltr'>percos</span> <span class='ocrx_word' id='word_1_282' title='bbox 1605 1525 1635 1553; x_wconf 87' lang='lat' dir='ltr'>et</span> <span class='ocrx_word' id='word_1_283' title='bbox 1660 1519 1709 1551; x_wconf 89' lang='lat' dir='ltr'>di-</span> 
     </span>
     <span class='ocr_line' id='line_1_52' title="bbox 179 1565 1708 1625; baseline -0.001 -19"><span class='ocrx_word' id='word_1_284' title='bbox 179 1574 329 1607; x_wconf 85' lang='lat' dir='ltr'>bernium</span> <span class='ocrx_word' id='word_1_285' title='bbox 349 1575 525 1619; x_wconf 83' lang='lat' dir='ltr'>peculiare,</span> <span class='ocrx_word' id='word_1_286' title='bbox 547 1577 631 1609; x_wconf 78' lang='lat' dir='ltr'>salva</span> <span class='ocrx_word' id='word_1_287' title='bbox 649 1582 754 1609; x_wconf 87' lang='lat' dir='ltr'>tamen</span> <span class='ocrx_word' id='word_1_288' title='bbox 768 1587 828 1620; x_wconf 89' lang='lat' dir='ltr'>pro</span> <span class='ocrx_word' id='word_1_289' title='bbox 843 1581 923 1609; x_wconf 91' lang='lat' dir='ltr'>tem-</span> <span class='ocrx_word' id='word_1_290' title='bbox 944 1565 946 1625; x_wconf 59' lang='grc' dir='ltr'><strong><em>Ε</em></strong></span> <span class='ocrx_word' id='word_1_291' title='bbox 965 1574 1083 1606; x_wconf 87' lang='lat' dir='ltr'>lectum</span> <span class='ocrx_word' id='word_1_292' title='bbox 1104 1575 1207 1607; x_wconf 86' lang='lat' dir='ltr'>filium</span> <span class='ocrx_word' id='word_1_293' title='bbox 1231 1580 1377 1608; x_wconf 78' lang='lat' dir='ltr'>nostruin</span> <span class='ocrx_word' id='word_1_294' title='bbox 1405 1574 1596 1618; x_wconf 73' lang='lat' dir='ltr'>prosperum</span> <span class='ocrx_word' id='word_1_295' title='bbox 1624 1572 1708 1605; x_wconf 90' lang='lat' dir='ltr'>tituli</span> 
     </span>
     <span class='ocr_line' id='line_1_53' title="bbox 178 1626 1708 1674; baseline -0.001 -14"><span class='ocrx_word' id='word_1_296' title='bbox 178 1637 257 1671; x_wconf 81' lang='lat' dir='ltr'>pore</span> <span class='ocrx_word' id='word_1_297' title='bbox 277 1628 439 1663; x_wconf 86' lang='lat' dir='ltr'>existentis</span> <span class='ocrx_word' id='word_1_298' title='bbox 458 1629 564 1673; x_wconf 79' lang='lat' dir='ltr'>legati,</span> <span class='ocrx_word' id='word_1_299' title='bbox 581 1641 635 1662; x_wconf 78' lang='lat' dir='ltr'>seu</span> <span class='ocrx_word' id='word_1_300' title='bbox 656 1629 866 1674; x_wconf 85' lang='lat' dir='ltr'>praesidentis</span> <span class='ocrx_word' id='word_1_301' title='bbox 877 1629 924 1662; x_wconf 88' lang='lat' dir='ltr'>vel</span> <span class='ocrx_word' id='word_1_302' title='bbox 943 1628 946 1672; x_wconf 64' lang='grc' dir='ltr'><em>ξ</em></span> <span class='ocrx_word' id='word_1_303' title='bbox 966 1627 1071 1660; x_wconf 82' lang='lat' dir='ltr'>Sancti</span> <span class='ocrx_word' id='word_1_304' title='bbox 1092 1627 1262 1661; x_wconf 85' lang='lat' dir='ltr'>Clementis</span> <span class='ocrx_word' id='word_1_305' title='bbox 1283 1628 1501 1671; x_wconf 69' lang='lat' dir='ltr'>presbyterum</span> <span class='ocrx_word' id='word_1_306' title='bbox 1514 1626 1708 1659; x_wconf 66' lang='lat' dir='ltr'>cardinalem</span> 
     </span>
     <span class='ocr_line' id='line_1_54' title="bbox 177 1676 1709 1727; baseline -0.001 -14"><span class='ocrx_word' id='word_1_307' title='bbox 177 1680 311 1715; x_wconf 90' lang='lat' dir='ltr'>alterius</span> <span class='ocrx_word' id='word_1_308' title='bbox 327 1682 552 1726; x_wconf 81' lang='lat' dir='ltr'>gubernatoris</span> <span class='ocrx_word' id='word_1_309' title='bbox 576 1683 758 1727; x_wconf 86' lang='lat' dir='ltr'>provinciae</span> <span class='ocrx_word' id='word_1_310' title='bbox 778 1683 925 1726; x_wconf 85' lang='lat' dir='ltr'>praedic·</span> <span class='ocrx_word' id='word_1_311' title='bbox 943 1676 946 1719; x_wconf 73' lang='grc' dir='ltr'>Ξ</span> <span class='ocrx_word' id='word_1_312' title='bbox 965 1681 1226 1715; x_wconf 83' lang='lat' dir='ltr'>Sanctacruciuin</span> <span class='ocrx_word' id='word_1_313' title='bbox 1256 1687 1491 1725; x_wconf 87' lang='lat' dir='ltr'>nuncupatum,</span> <span class='ocrx_word' id='word_1_314' title='bbox 1522 1679 1614 1713; x_wconf 88' lang='lat' dir='ltr'>nobis</span> <span class='ocrx_word' id='word_1_315' title='bbox 1633 1679 1709 1712; x_wconf 84' lang='lat' dir='ltr'>iam-</span> 
     </span>
     <span class='ocr_line' id='line_1_55' title="bbox 178 1722 1710 1778; baseline -0.002 -12"><span class='ocrx_word' id='word_1_316' title='bbox 178 1739 228 1767; x_wconf 91' lang='lat' dir='ltr'>tae</span> <span class='ocrx_word' id='word_1_317' title='bbox 252 1735 563 1778; x_wconf 85' lang='lat' dir='ltr'>superintendentia,</span> <span class='ocrx_word' id='word_1_318' title='bbox 586 1736 624 1769; x_wconf 86' lang='lat' dir='ltr'>ad</span> <span class='ocrx_word' id='word_1_319' title='bbox 641 1737 740 1768; x_wconf 84' lang='lat' dir='ltr'>instar</span> <span class='ocrx_word' id='word_1_320' title='bbox 764 1736 924 1778; x_wconf 77' lang='lat' dir='ltr'>guberna-</span> <span class='ocrx_word' id='word_1_321' title='bbox 943 1722 947 1777; x_wconf 68' lang='grc' dir='ltr'>ξ</span> <span class='ocrx_word' id='word_1_322' title='bbox 966 1734 1088 1766; x_wconf 82' lang='lat' dir='ltr'>dudum</span> <span class='ocrx_word' id='word_1_323' title='bbox 1101 1733 1710 1777; x_wconf 66' lang='lat' dir='ltr'>humiliterporrectis,inclinati‚eau›·a</span> 
     </span>
     <span class='ocr_line' id='line_1_56' title="bbox 178 1781 1710 1833; baseline -0.002 -13"><span class='ocrx_word' id='word_1_324' title='bbox 178 1793 287 1821; x_wconf 90' lang='lat' dir='ltr'>torum</span> <span class='ocrx_word' id='word_1_325' title='bbox 315 1788 451 1823; x_wconf 86' lang='lat' dir='ltr'>civitatis</span> <span class='ocrx_word' id='word_1_326' title='bbox 479 1789 605 1823; x_wconf 85' lang='lat' dir='ltr'>Castelli</span> <span class='ocrx_word' id='word_1_327' title='bbox 636 1796 663 1822; x_wconf 88' lang='lat' dir='ltr'>et</span> <span class='ocrx_word' id='word_1_328' title='bbox 694 1789 836 1829; x_wconf 87' lang='lat' dir='ltr'>Tuderti,</span> <span class='ocrx_word' id='word_1_329' title='bbox 869 1800 926 1833; x_wconf 84' lang='lat' dir='ltr'>per</span> <span class='ocrx_word' id='word_1_330' title='bbox 944 1781 947 1821; x_wconf 78' lang='lat' dir='ltr'>l</span> <span class='ocrx_word' id='word_1_331' title='bbox 965 1791 1105 1832; x_wconf 82' lang='lat' dir='ltr'>quoque,</span> <span class='ocrx_word' id='word_1_332' title='bbox 1136 1794 1167 1820; x_wconf 88' lang='lat' dir='ltr'>et</span> <span class='ocrx_word' id='word_1_333' title='bbox 1190 1787 1411 1831; x_wconf 76' lang='lat' dir='ltr'>praesentibus</span> <span class='ocrx_word' id='word_1_334' title='bbox 1442 1785 1626 1819; x_wconf 88' lang='lat' dir='ltr'>huiusmodi</span> <span class='ocrx_word' id='word_1_335' title='bbox 1654 1795 1710 1828; x_wconf 82' lang='lat' dir='ltr'>per</span> 
     </span>
    </p>
   </div>
   <div class='ocr_carea' id='block_1_9' title="bbox 32 1841 951 2662">
    <p class='ocr_par' dir='ltr' id='par_1_11' title="bbox 179 1841 947 1994">
     <span class='ocr_line' id='line_1_57' title="bbox 179 1841 925 1877; baseline 0.003 -4"><span class='ocrx_word' id='word_1_336' title='bbox 179 1841 257 1874; x_wconf 89' lang='lat' dir='ltr'>alias</span> <span class='ocrx_word' id='word_1_337' title='bbox 271 1848 398 1876; x_wconf 87' lang='lat' dir='ltr'>nostras</span> <span class='ocrx_word' id='word_1_338' title='bbox 416 1843 450 1876; x_wconf 90' lang='lat' dir='ltr'>in</span> <span class='ocrx_word' id='word_1_339' title='bbox 470 1843 572 1876; x_wconf 85' lang='lat' dir='ltr'>forma</span> <span class='ocrx_word' id='word_1_340' title='bbox 591 1843 694 1877; x_wconf 76' lang='lat' dir='ltr'>brevis</span> <span class='ocrx_word' id='word_1_341' title='bbox 714 1843 835 1876; x_wconf 84' lang='lat' dir='ltr'>litteras</span> <span class='ocrx_word' id='word_1_342' title='bbox 855 1853 925 1876; x_wconf 91' lang='lat' dir='ltr'>ere-</span> 
     </span>
     <span class='ocr_line' id='line_1_58' title="bbox 179 1867 947 1940; baseline 0.001 -13"><span class='ocrx_word' id='word_1_343' title='bbox 179 1894 284 1928; x_wconf 80' lang='lat' dir='ltr'>ximus</span> <span class='ocrx_word' id='word_1_344' title='bbox 311 1901 343 1928; x_wconf 89' lang='lat' dir='ltr'>et</span> <span class='ocrx_word' id='word_1_345' title='bbox 370 1897 576 1936; x_wconf 83' lang='lat' dir='ltr'>instituimus,</span> <span class='ocrx_word' id='word_1_346' title='bbox 611 1902 707 1940; x_wconf 88' lang='lat' dir='ltr'>prout</span> <span class='ocrx_word' id='word_1_347' title='bbox 732 1897 764 1929; x_wconf 92' lang='lat' dir='ltr'>in</span> <span class='ocrx_word' id='word_1_348' title='bbox 793 1867 947 1940; x_wconf 74' lang='lat' dir='ltr'>singulis¹</span> 
     </span>
     <span class='ocr_line' id='line_1_59' title="bbox 180 1948 844 1994; baseline 0.002 -13"><span class='ocrx_word' id='word_1_349' title='bbox 180 1948 295 1982; x_wconf 85' lang='lat' dir='ltr'>litteris</span> <span class='ocrx_word' id='word_1_350' title='bbox 313 1950 486 1993; x_wconf 77' lang='lat' dir='ltr'>praedictis</span> <span class='ocrx_word' id='word_1_351' title='bbox 505 1951 631 1994; x_wconf 88' lang='lat' dir='ltr'>plenius</span> <span class='ocrx_word' id='word_1_352' title='bbox 651 1950 844 1983; x_wconf 87' lang='lat' dir='ltr'>continetur.</span> 
     </span>
    </p>

    <p class='ocr_par' dir='ltr' id='par_1_12' title="bbox 32 2002 951 2662">
     <span class='ocr_line' id='line_1_60' title="bbox 224 2002 923 2046; baseline 0 -11"><span class='ocrx_word' id='word_1_353' title='bbox 224 2003 240 2046; x_wconf 68' lang='grc' dir='ltr'><strong>ξ</strong></span> <span class='ocrx_word' id='word_1_354' title='bbox 257 2002 289 2035; x_wconf 71' lang='lat'>2.</span> <span class='ocrx_word' id='word_1_355' title='bbox 316 2002 465 2037; x_wconf 87' lang='lat' dir='ltr'>Eiusdem</span> <span class='ocrx_word' id='word_1_356' title='bbox 486 2004 619 2037; x_wconf 84' lang='lat' dir='ltr'>civitatis</span> <span class='ocrx_word' id='word_1_357' title='bbox 638 2009 765 2036; x_wconf 81' lang='lat' dir='ltr'>nostrae</span> <span class='ocrx_word' id='word_1_358' title='bbox 789 2003 902 2035; x_wconf 80' lang='lat' dir='ltr'>Esinae</span> <span class='ocrx_word' id='word_1_359' title='bbox 915 2029 923 2043; x_wconf 95' lang='lat'>‚</span> 
     </span>
     <span class='ocr_line' id='line_1_61' title="bbox 35 2055 926 2100; baseline -0.001 -11"><span class='ocrx_word' id='word_1_360' title='bbox 35 2063 87 2084; x_wconf 68' lang='lat' dir='ltr'>iem</span> <span class='ocrx_word' id='word_1_361' title='bbox 109 2063 167 2084; x_wconf 75' lang='lat' dir='ltr'>eivi-</span> <span class='ocrx_word' id='word_1_362' title='bbox 181 2065 263 2098; x_wconf 84' lang='lat' dir='ltr'>quae</span> <span class='ocrx_word' id='word_1_363' title='bbox 282 2055 482 2100; x_wconf 71' lang='lat' dir='ltr'>antiquitate,</span> <span class='ocrx_word' id='word_1_364' title='bbox 502 2057 679 2096; x_wconf 83' lang='lat' dir='ltr'>nobilitate,</span> <span class='ocrx_word' id='word_1_365' title='bbox 704 2056 865 2089; x_wconf 79' lang='lat' dir='ltr'>fertilitate</span> <span class='ocrx_word' id='word_1_366' title='bbox 890 2066 926 2089; x_wconf 90' lang='lat' dir='ltr'>ac</span> 
     </span>
     <span class='ocr_line' id='line_1_62' title="bbox 32 2096 927 2154; baseline -0.004 -10"><span class='ocrx_word' id='word_1_367' title='bbox 32 2096 170 2152; x_wconf 47' lang='grc' dir='ltr'>ζ’ὲῗιῖῗῑιῖζ</span> <span class='ocrx_word' id='word_1_368' title='bbox 181 2108 293 2153; x_wconf 89' lang='lat' dir='ltr'>populi</span> <span class='ocrx_word' id='word_1_369' title='bbox 313 2109 493 2153; x_wconf 86' lang='lat' dir='ltr'>frequentia</span> <span class='ocrx_word' id='word_1_370' title='bbox 517 2110 813 2154; x_wconf 85' lang='lat' dir='ltr'>praestantiumque</span> <span class='ocrx_word' id='word_1_371' title='bbox 846 2108 927 2140; x_wconf 83' lang='lat' dir='ltr'>viro-</span> 
     </span>
     <span class='ocr_line' id='line_1_63' title="bbox 35 2156 926 2206; baseline -0.001 -12"><span class='ocrx_word' id='word_1_372' title='bbox 35 2156 168 2177; x_wconf 60' lang='lat' dir='ltr'>³⁶⁰¹²¹³f¹⁰²²·</span> <span class='ocrx_word' id='word_1_373' title='bbox 182 2171 255 2194; x_wconf 85' lang='lat' dir='ltr'>rum</span> <span class='ocrx_word' id='word_1_374' title='bbox 276 2163 368 2206; x_wconf 90' lang='lat' dir='ltr'>copia</span> <span class='ocrx_word' id='word_1_375' title='bbox 392 2168 424 2196; x_wconf 87' lang='lat' dir='ltr'>et</span> <span class='ocrx_word' id='word_1_376' title='bbox 441 2163 593 2197; x_wconf 89' lang='lat' dir='ltr'>territorii</span> <span class='ocrx_word' id='word_1_377' title='bbox 620 2161 833 2196; x_wconf 79' lang='lat' dir='ltr'>foecunditate</span> <span class='ocrx_word' id='word_1_378' title='bbox 853 2162 926 2204; x_wconf 90' lang='lat' dir='ltr'>plu-</span> 
     </span>
     <span class='ocr_line' id='line_1_64' title="bbox 182 2214 926 2258; baseline -0.003 -10"><span class='ocrx_word' id='word_1_379' title='bbox 182 2215 300 2250; x_wconf 88' lang='lat' dir='ltr'>rimum</span> <span class='ocrx_word' id='word_1_380' title='bbox 332 2218 469 2251; x_wconf 84' lang='lat' dir='ltr'>celebris</span> <span class='ocrx_word' id='word_1_381' title='bbox 495 2217 611 2257; x_wconf 82' lang='lat' dir='ltr'>existit,</span> <span class='ocrx_word' id='word_1_382' title='bbox 640 2216 761 2255; x_wconf 86' lang='lat' dir='ltr'>decori,</span> <span class='ocrx_word' id='word_1_383' title='bbox 783 2214 926 2258; x_wconf 75' lang='lat' dir='ltr'>dignitati</span> 
     </span>
     <span class='ocr_line' id='line_1_65' title="bbox 182 2270 927 2315; baseline -0.004 -12"><span class='ocrx_word' id='word_1_384' title='bbox 182 2275 214 2303; x_wconf 90' lang='lat' dir='ltr'>et</span> <span class='ocrx_word' id='word_1_385' title='bbox 233 2278 423 2305; x_wconf 86' lang='lat' dir='ltr'>ornamento</span> <span class='ocrx_word' id='word_1_386' title='bbox 443 2282 501 2315; x_wconf 90' lang='lat' dir='ltr'>per</span> <span class='ocrx_word' id='word_1_387' title='bbox 519 2270 658 2314; x_wconf 77' lang='lat' dir='ltr'>amplius</span> <span class='ocrx_word' id='word_1_388' title='bbox 684 2270 864 2308; x_wconf 86' lang='lat' dir='ltr'>consulere,</span> <span class='ocrx_word' id='word_1_389' title='bbox 891 2278 927 2300; x_wconf 92' lang='lat' dir='ltr'>ac</span> 
     </span>
     <span class='ocr_line' id='line_1_66' title="bbox 182 2322 926 2358; baseline -0.005 -1"><span class='ocrx_word' id='word_1_390' title='bbox 182 2323 317 2357; x_wconf 86' lang='lat' dir='ltr'>dilectos</span> <span class='ocrx_word' id='word_1_391' title='bbox 332 2325 415 2358; x_wconf 86' lang='lat' dir='ltr'>filios</span> <span class='ocrx_word' id='word_1_392' title='bbox 434 2325 522 2358; x_wconf 90' lang='lat' dir='ltr'>illius</span> <span class='ocrx_word' id='word_1_393' title='bbox 537 2323 801 2357; x_wconf 85' lang='lat' dir='ltr'>communitatem</span> <span class='ocrx_word' id='word_1_394' title='bbox 818 2329 848 2354; x_wconf 91' lang='lat' dir='ltr'>et</span> <span class='ocrx_word' id='word_1_395' title='bbox 868 2322 926 2353; x_wconf 83' lang='lat' dir='ltr'>lio-</span> 
     </span>
     <span class='ocr_line' id='line_1_67' title="bbox 183 2375 927 2420; baseline -0.004 -11"><span class='ocrx_word' id='word_1_396' title='bbox 183 2376 290 2410; x_wconf 82' lang='lat' dir='ltr'>mines</span> <span class='ocrx_word' id='word_1_397' title='bbox 305 2378 361 2420; x_wconf 82' lang='lat' dir='ltr'>qui</span> <span class='ocrx_word' id='word_1_398' title='bbox 381 2378 478 2411; x_wconf 59' lang='lat' dir='ltr'>etjam</span> <span class='ocrx_word' id='word_1_399' title='bbox 503 2378 535 2410; x_wconf 92' lang='lat' dir='ltr'>in</span> <span class='ocrx_word' id='word_1_400' title='bbox 555 2382 697 2410; x_wconf 71' lang='lat' dir='ltr'>nostram</span> <span class='ocrx_word' id='word_1_401' title='bbox 718 2382 747 2409; x_wconf 89' lang='lat' dir='ltr'>et</span> <span class='ocrx_word' id='word_1_402' title='bbox 768 2375 927 2418; x_wconf 71' lang='lat' dir='ltr'>Apostoli-</span> 
     </span>
     <span class='ocr_line' id='line_1_68' title="bbox 184 2426 926 2468; baseline -0.007 -9"><span class='ocrx_word' id='word_1_403' title='bbox 184 2436 240 2459; x_wconf 78' lang='lat' dir='ltr'>cae</span> <span class='ocrx_word' id='word_1_404' title='bbox 260 2426 351 2459; x_wconf 82' lang='lat' dir='ltr'>Sedis</span> <span class='ocrx_word' id='word_1_405' title='bbox 370 2427 615 2460; x_wconf 87' lang='lat' dir='ltr'>subventionem</span> <span class='ocrx_word' id='word_1_406' title='bbox 645 2435 749 2468; x_wconf 89' lang='lat' dir='ltr'>nuper</span> <span class='ocrx_word' id='word_1_407' title='bbox 769 2434 926 2456; x_wconf 80' lang='lat' dir='ltr'>summam</span> 
     </span>
     <span class='ocr_line' id='line_1_69' title="bbox 183 2473 925 2517; baseline -0.005 -10"><span class='ocrx_word' id='word_1_408' title='bbox 183 2481 324 2517; x_wconf 85' lang='lat' dir='ltr'>quatuor</span> <span class='ocrx_word' id='word_1_409' title='bbox 346 2475 483 2509; x_wconf 89' lang='lat' dir='ltr'>millium</span> <span class='ocrx_word' id='word_1_410' title='bbox 504 2481 668 2508; x_wconf 83' lang='lat' dir='ltr'>scutorum</span> <span class='ocrx_word' id='word_1_411' title='bbox 693 2473 762 2506; x_wconf 85' lang='lat' dir='ltr'>auri</span> <span class='ocrx_word' id='word_1_412' title='bbox 783 2473 814 2504; x_wconf 91' lang='lat' dir='ltr'>in</span> <span class='ocrx_word' id='word_1_413' title='bbox 835 2482 925 2512; x_wconf 89' lang='lat' dir='ltr'>auro,</span> 
     </span>
     <span class='ocr_line' id='line_1_70' title="bbox 183 2520 930 2565; baseline -0.005 -9"><span class='ocrx_word' id='word_1_414' title='bbox 183 2533 227 2556; x_wconf 83' lang='lat' dir='ltr'>xu</span> <span class='ocrx_word' id='word_1_415' title='bbox 252 2523 336 2557; x_wconf 76' lang='lat' dir='ltr'>iuliis</span> <span class='ocrx_word' id='word_1_416' title='bbox 360 2531 506 2558; x_wconf 85' lang='lat' dir='ltr'>monetae</span> <span class='ocrx_word' id='word_1_417' title='bbox 525 2525 687 2557; x_wconf 84' lang='lat' dir='ltr'>Romanae</span> <span class='ocrx_word' id='word_1_418' title='bbox 708 2531 765 2565; x_wconf 88' lang='lat' dir='ltr'>pro</span> <span class='ocrx_word' id='word_1_419' title='bbox 785 2520 930 2564; x_wconf 83' lang='lat' dir='ltr'>quolibet</span> 
     </span>
     <span class='ocr_line' id='line_1_71' title="bbox 184 2569 929 2617; baseline -0.007 -12"><span class='ocrx_word' id='word_1_420' title='bbox 184 2579 276 2607; x_wconf 84' lang='lat' dir='ltr'>scuto</span> <span class='ocrx_word' id='word_1_421' title='bbox 290 2573 475 2607; x_wconf 83' lang='lat' dir='ltr'>huiusmodi</span> <span class='ocrx_word' id='word_1_422' title='bbox 496 2571 699 2617; x_wconf 84' lang='lat' dir='ltr'>computatis,</span> <span class='ocrx_word' id='word_1_423' title='bbox 719 2580 777 2613; x_wconf 88' lang='lat' dir='ltr'>per</span> <span class='ocrx_word' id='word_1_424' title='bbox 796 2569 929 2601; x_wconf 89' lang='lat' dir='ltr'>dilectos</span> 
     </span>
     <span class='ocr_line' id='line_1_72' title="bbox 185 2617 951 2662; baseline -0.009 -6"><span class='ocrx_word' id='word_1_425' title='bbox 185 2624 269 2658; x_wconf 65' lang='lat' dir='ltr'>titios</span> <span class='ocrx_word' id='word_1_426' title='bbox 286 2624 475 2657; x_wconf 77' lang='lat' dir='ltr'>Annibalem</span> <span class='ocrx_word' id='word_1_427' title='bbox 496 2623 642 2661; x_wconf 76' lang='lat' dir='ltr'>Fritium,</span> <span class='ocrx_word' id='word_1_428' title='bbox 664 2620 831 2662; x_wconf 73' lang='lat' dir='ltr'>utriusque</span> <span class='ocrx_word' id='word_1_429' title='bbox 852 2617 929 2650; x_wconf 88' lang='lat' dir='ltr'>iuris</span> <span class='ocrx_word' id='word_1_430' title='bbox 947 2645 951 2653; x_wconf 84' lang='lat'>,</span> 
     </span>
    </p>
   </div>
   <div class='ocr_carea' id='block_1_10' title="bbox 0 712 44 3228">
    <p class='ocr_par' dir='ltr' id='par_1_13' title="bbox 0 712 44 3228">
     <span class='ocr_line' id='line_1_73' title="bbox 0 712 44 3228; baseline 0 0"><span class='ocrx_word' id='word_1_431' title='bbox 0 712 44 3228; x_wconf 95' lang='lat' dir='ltr'> </span> 
     </span>
    </p>
   </div>
   <div class='ocr_carea' id='block_1_11' title="bbox 945 2282 950 2410">
    <p class='ocr_par' dir='ltr' id='par_1_14' title="bbox 945 2282 950 2410">
     <span class='ocr_line' id='line_1_74' title="bbox 945 2282 950 2410; baseline 0 818"><span class='ocrx_word' id='word_1_432' title='bbox 945 2282 950 2410; x_wconf 95' lang='lat' dir='ltr'> </span> 
     </span>
    </p>
   </div>
   <div class='ocr_carea' id='block_1_12' title="bbox 946 2437 951 2642">
    <p class='ocr_par' dir='ltr' id='par_1_15' title="bbox 946 2437 951 2642">
     <span class='ocr_line' id='line_1_75' title="bbox 946 2437 951 2642; baseline 0 0"><span class='ocrx_word' id='word_1_433' title='bbox 946 2437 951 2642; x_wconf 95' lang='lat' dir='ltr'> </span> 
     </span>
    </p>
   </div>
   <div class='ocr_carea' id='block_1_13' title="bbox 965 1839 1713 2364">
    <p class='ocr_par' dir='ltr' id='par_1_16' title="bbox 965 1839 1713 2364">
     <span class='ocr_line' id='line_1_76' title="bbox 965 1839 1709 1881; baseline -0.003 -8"><span class='ocrx_word' id='word_1_434' title='bbox 965 1851 1024 1873; x_wconf 82' lang='lat' dir='ltr'>nos</span> <span class='ocrx_word' id='word_1_435' title='bbox 1043 1848 1072 1874; x_wconf 85' lang='lat' dir='ltr'>et</span> <span class='ocrx_word' id='word_1_436' title='bbox 1098 1841 1250 1874; x_wconf 82' lang='lat' dir='ltr'>dilectum</span> <span class='ocrx_word' id='word_1_437' title='bbox 1278 1841 1379 1873; x_wconf 85' lang='lat' dir='ltr'>silium</span> <span class='ocrx_word' id='word_1_438' title='bbox 1401 1839 1633 1873; x_wconf 87' lang='lat' dir='ltr'>thesaurarium</span> <span class='ocrx_word' id='word_1_439' title='bbox 1654 1850 1709 1881; x_wconf 75' lang='lat' dir='ltr'>ge·</span> 
     </span>
     <span class='ocr_line' id='line_1_77' title="bbox 966 1891 1711 1937; baseline -0.003 -11"><span class='ocrx_word' id='word_1_440' title='bbox 966 1895 1107 1927; x_wconf 84' lang='lat' dir='ltr'>ncralem</span> <span class='ocrx_word' id='word_1_441' title='bbox 1128 1894 1232 1927; x_wconf 85' lang='lat' dir='ltr'>dictae</span> <span class='ocrx_word' id='word_1_442' title='bbox 1251 1893 1401 1926; x_wconf 82' lang='lat' dir='ltr'>Gamerae</span> <span class='ocrx_word' id='word_1_443' title='bbox 1418 1893 1536 1937; x_wconf 88' lang='lat' dir='ltr'>primo,</span> <span class='ocrx_word' id='word_1_444' title='bbox 1554 1891 1711 1925; x_wconf 88' lang='lat' dir='ltr'>etdeinde</span> 
     </span>
     <span class='ocr_line' id='line_1_78' title="bbox 966 1946 1710 1991; baseline -0.004 -11"><span class='ocrx_word' id='word_1_445' title='bbox 966 1958 1023 1991; x_wconf 86' lang='lat' dir='ltr'>per</span> <span class='ocrx_word' id='word_1_446' title='bbox 1033 1948 1186 1981; x_wconf 85' lang='lat' dir='ltr'>dilectum</span> <span class='ocrx_word' id='word_1_447' title='bbox 1197 1947 1299 1979; x_wconf 88' lang='lat' dir='ltr'>filium</span> <span class='ocrx_word' id='word_1_448' title='bbox 1311 1952 1454 1979; x_wconf 86' lang='lat' dir='ltr'>nostrum</span> <span class='ocrx_word' id='word_1_449' title='bbox 1471 1946 1710 1988; x_wconf 65' lang='lat' dir='ltr'>Hieronymum,</span> 
     </span>
     <span class='ocr_line' id='line_1_79' title="bbox 967 1998 1709 2034; baseline -0.005 -1"><span class='ocrx_word' id='word_1_450' title='bbox 967 2002 1100 2034; x_wconf 80' lang='lat' dir='ltr'>Sanctae</span> <span class='ocrx_word' id='word_1_451' title='bbox 1129 2000 1245 2032; x_wconf 84' lang='lat' dir='ltr'>Mariae</span> <span class='ocrx_word' id='word_1_452' title='bbox 1278 1999 1309 2032; x_wconf 91' lang='lat' dir='ltr'>in</span> <span class='ocrx_word' id='word_1_453' title='bbox 1334 1999 1503 2032; x_wconf 83' lang='lat' dir='ltr'>Cosmedin</span> <span class='ocrx_word' id='word_1_454' title='bbox 1537 1998 1709 2031; x_wconf 83' lang='lat' dir='ltr'>diaconum</span> 
     </span>
     <span class='ocr_line' id='line_1_80' title="bbox 968 2050 1710 2095; baseline -0.005 -8"><span class='ocrx_word' id='word_1_455' title='bbox 968 2055 1161 2087; x_wconf 73' lang='lat' dir='ltr'>cardinalem</span> <span class='ocrx_word' id='word_1_456' title='bbox 1188 2052 1371 2086; x_wconf 85' lang='lat' dir='ltr'>Mattheium</span> <span class='ocrx_word' id='word_1_457' title='bbox 1386 2057 1620 2095; x_wconf 84' lang='lat' dir='ltr'>nuncupatum,</span> <span class='ocrx_word' id='word_1_458' title='bbox 1636 2050 1710 2083; x_wconf 82' lang='lat' dir='ltr'>(lili-</span> 
     </span>
     <span class='ocr_line' id='line_1_81' title="bbox 967 2105 1709 2150; baseline -0.005 -9"><span class='ocrx_word' id='word_1_459' title='bbox 967 2113 1078 2149; x_wconf 67' lang='lat' dir='ltr'>genter</span> <span class='ocrx_word' id='word_1_460' title='bbox 1102 2108 1236 2150; x_wconf 73' lang='lat' dir='ltr'>cognitis</span> <span class='ocrx_word' id='word_1_461' title='bbox 1260 2112 1290 2139; x_wconf 89' lang='lat' dir='ltr'>et</span> <span class='ocrx_word' id='word_1_462' title='bbox 1319 2105 1516 2146; x_wconf 83' lang='lat' dir='ltr'>examinatis,</span> <span class='ocrx_word' id='word_1_463' title='bbox 1546 2117 1582 2138; x_wconf 86' lang='lat' dir='ltr'>ac</span> <span class='ocrx_word' id='word_1_464' title='bbox 1616 2105 1709 2138; x_wconf 86' lang='lat' dir='ltr'>etiam</span> 
     </span>
     <span class='ocr_line' id='line_1_82' title="bbox 968 2157 1713 2203; baseline -0.005 -9"><span class='ocrx_word' id='word_1_465' title='bbox 968 2162 1052 2194; x_wconf 76' lang='lat' dir='ltr'>dicto</span> <span class='ocrx_word' id='word_1_466' title='bbox 1082 2161 1251 2203; x_wconf 71' lang='lat' dir='ltr'>gubernio,</span> <span class='ocrx_word' id='word_1_467' title='bbox 1288 2160 1326 2192; x_wconf 86' lang='lat' dir='ltr'>ad</span> <span class='ocrx_word' id='word_1_468' title='bbox 1355 2159 1441 2202; x_wconf 88' lang='lat' dir='ltr'>quod</span> <span class='ocrx_word' id='word_1_469' title='bbox 1479 2157 1713 2191; x_wconf 69' lang='lat' dir='ltr'>referendarios</span> 
     </span>
     <span class='ocr_line' id='line_1_83' title="bbox 968 2211 1710 2257; baseline -0.003 -12"><span class='ocrx_word' id='word_1_470' title='bbox 968 2215 1062 2247; x_wconf 82' lang='lat' dir='ltr'>etiam</span> <span class='ocrx_word' id='word_1_471' title='bbox 1089 2214 1271 2257; x_wconf 65' lang='lat' dir='ltr'>signaturae</span> <span class='ocrx_word' id='word_1_472' title='bbox 1296 2219 1422 2245; x_wconf 80' lang='lat' dir='ltr'>nostrae</span> <span class='ocrx_word' id='word_1_473' title='bbox 1464 2211 1710 2250; x_wconf 72' lang='lat' dir='ltr'>transmisimus,</span> 
     </span>
     <span class='ocr_line' id='line_1_84' title="bbox 967 2264 1711 2300; baseline -0.004 -1"><span class='ocrx_word' id='word_1_474' title='bbox 967 2278 1003 2299; x_wconf 85' lang='lat' dir='ltr'>ac</span> <span class='ocrx_word' id='word_1_475' title='bbox 1029 2267 1176 2300; x_wconf 87' lang='lat' dir='ltr'>omnibus</span> <span class='ocrx_word' id='word_1_476' title='bbox 1202 2266 1272 2298; x_wconf 88' lang='lat' dir='ltr'>aliis</span> <span class='ocrx_word' id='word_1_477' title='bbox 1304 2265 1409 2298; x_wconf 84' lang='lat' dir='ltr'>debita</span> <span class='ocrx_word' id='word_1_478' title='bbox 1437 2264 1711 2297; x_wconf 79' lang='lat' dir='ltr'>animadversione</span> 
     </span>
     <span class='ocr_line' id='line_1_85' title="bbox 967 2317 1711 2364; baseline -0.004 -12"><span class='ocrx_word' id='word_1_479' title='bbox 967 2321 1118 2363; x_wconf 81' lang='lat' dir='ltr'>pensatis,</span> <span class='ocrx_word' id='word_1_480' title='bbox 1145 2319 1403 2364; x_wconf 70' lang='lat' dir='ltr'>suppressionem</span> <span class='ocrx_word' id='word_1_481' title='bbox 1429 2329 1465 2351; x_wconf 88' lang='lat' dir='ltr'>ac</span> <span class='ocrx_word' id='word_1_482' title='bbox 1485 2317 1711 2351; x_wconf 80' lang='lat' dir='ltr'>extinctionem</span> 
     </span>
    </p>
   </div>
   <div class='ocr_carea' id='block_1_14' title="bbox 968 2371 1753 2417">
    <p class='ocr_par' dir='ltr' id='par_1_17' title="bbox 968 2371 1753 2417">
     <span class='ocr_line' id='line_1_86' title="bbox 968 2371 1753 2417; baseline -0.005 -11"><span class='ocrx_word' id='word_1_483' title='bbox 968 2374 1063 2406; x_wconf 70' lang='lat' dir='ltr'>ollii-ii</span> <span class='ocrx_word' id='word_1_484' title='bbox 1081 2372 1236 2417; x_wconf 84' lang='lat' dir='ltr'>praetoris</span> <span class='ocrx_word' id='word_1_485' title='bbox 1256 2371 1441 2404; x_wconf 85' lang='lat' dir='ltr'>huiusmodi</span> <span class='ocrx_word' id='word_1_486' title='bbox 1463 2377 1546 2403; x_wconf 83' lang='lat' dir='ltr'>ratas</span> <span class='ocrx_word' id='word_1_487' title='bbox 1563 2375 1593 2402; x_wconf 86' lang='lat' dir='ltr'>et</span> <span class='ocrx_word' id='word_1_488' title='bbox 1607 2376 1712 2412; x_wconf 80' lang='lat' dir='ltr'>gratas</span> <span class='ocrx_word' id='word_1_489' title='bbox 1749 2388 1753 2391; x_wconf 91' lang='lat'><em>-</em></span> 
     </span>
    </p>
   </div>
   <div class='ocr_carea' id='block_1_15' title="bbox 968 2418 1717 2657">
    <p class='ocr_par' dir='ltr' id='par_1_18' title="bbox 968 2418 1717 2657">
     <span class='ocr_line' id='line_1_87' title="bbox 969 2418 1712 2463; baseline -0.004 -9"><span class='ocrx_word' id='word_1_490' title='bbox 969 2423 1121 2454; x_wconf 79' lang='lat' dir='ltr'>habentes</span> <span class='ocrx_word' id='word_1_491' title='bbox 1141 2427 1171 2454; x_wconf 84' lang='lat' dir='ltr'>et</span> <span class='ocrx_word' id='word_1_492' title='bbox 1190 2421 1386 2459; x_wconf 80' lang='lat' dir='ltr'>innovantes,</span> <span class='ocrx_word' id='word_1_493' title='bbox 1402 2426 1496 2463; x_wconf 80' lang='lat' dir='ltr'>atque</span> <span class='ocrx_word' id='word_1_494' title='bbox 1508 2418 1712 2462; x_wconf 73' lang='lat' dir='ltr'>superinten-</span> 
     </span>
     <span class='ocr_line' id='line_1_88' title="bbox 968 2467 1717 2514; baseline -0.005 -11"><span class='ocrx_word' id='word_1_495' title='bbox 968 2470 1108 2503; x_wconf 87' lang='lat' dir='ltr'>dentiam</span> <span class='ocrx_word' id='word_1_496' title='bbox 1130 2470 1326 2514; x_wconf 81' lang='lat' dir='ltr'>pcaetlictam</span> <span class='ocrx_word' id='word_1_497' title='bbox 1343 2469 1532 2510; x_wconf 79' lang='lat' dir='ltr'>abrogantes</span> <span class='ocrx_word' id='word_1_498' title='bbox 1543 2467 1717 2500; x_wconf 81' lang='lat' dir='ltr'>ctabolen-</span> 
     </span>
     <span class='ocr_line' id='line_1_89' title="bbox 969 2517 1712 2561; baseline -0.005 -9"><span class='ocrx_word' id='word_1_499' title='bbox 969 2526 1025 2557; x_wconf 73' lang='lat' dir='ltr'>tes,</span> <span class='ocrx_word' id='word_1_500' title='bbox 1047 2524 1134 2551; x_wconf 90' lang='lat' dir='ltr'>motu</span> <span class='ocrx_word' id='word_1_501' title='bbox 1155 2518 1249 2552; x_wconf 89' lang='lat' dir='ltr'>etiam</span> <span class='ocrx_word' id='word_1_502' title='bbox 1266 2517 1397 2561; x_wconf 83' lang='lat' dir='ltr'>proprio</span> <span class='ocrx_word' id='word_1_503' title='bbox 1408 2522 1483 2549; x_wconf 88' lang='lat' dir='ltr'>etex</span> <span class='ocrx_word' id='word_1_504' title='bbox 1505 2523 1592 2549; x_wconf 84' lang='lat' dir='ltr'>certa</span> <span class='ocrx_word' id='word_1_505' title='bbox 1604 2521 1712 2550; x_wconf 80' lang='lat' dir='ltr'>nostra</span> 
     </span>
     <span class='ocr_line' id='line_1_90' title="bbox 969 2564 1710 2609; baseline -0.005 -10"><span class='ocrx_word' id='word_1_506' title='bbox 969 2567 1098 2601; x_wconf 75' lang='lat' dir='ltr'>scientia</span> <span class='ocrx_word' id='word_1_507' title='bbox 1122 2579 1156 2599; x_wconf 76' lang='lat' dir='ltr'>ac</span> <span class='ocrx_word' id='word_1_508' title='bbox 1178 2567 1216 2599; x_wconf 75' lang='lat' dir='ltr'>‹te</span> <span class='ocrx_word' id='word_1_509' title='bbox 1237 2565 1430 2609; x_wconf 70' lang='lat' dir='ltr'>apostolicae</span> <span class='ocrx_word' id='word_1_510' title='bbox 1450 2565 1614 2609; x_wconf 85' lang='lat' dir='ltr'>potestatis</span> <span class='ocrx_word' id='word_1_511' title='bbox 1643 2564 1710 2607; x_wconf 84' lang='lat' dir='ltr'>ple-</span> 
     </span>
     <span class='ocr_line' id='line_1_91' title="bbox 970 2613 1711 2657; baseline -0.007 -7"><span class='ocrx_word' id='word_1_512' title='bbox 970 2617 1125 2651; x_wconf 59' lang='lat' dir='ltr'>nitudine,</span> <span class='ocrx_word' id='word_1_513' title='bbox 1144 2615 1252 2648; x_wconf 85' lang='lat' dir='ltr'>omnia</span> <span class='ocrx_word' id='word_1_514' title='bbox 1268 2621 1295 2647; x_wconf 87' lang='lat' dir='ltr'>et</span> <span class='ocrx_word' id='word_1_515' title='bbox 1313 2614 1435 2657; x_wconf 65' lang='lat' dir='ltr'>singula</span> <span class='ocrx_word' id='word_1_516' title='bbox 1454 2619 1579 2653; x_wconf 76' lang='lat' dir='ltr'>statuta,</span> <span class='ocrx_word' id='word_1_517' title='bbox 1593 2613 1711 2647; x_wconf 83' lang='lat' dir='ltr'>consti-</span> 
     </span>
    </p>
   </div>
  </div>
 </body>
</html>
