2059 3228
114 155 145 220 01
160 185 228 219 1⁵25

94 1011 112 1039 't

166 1048 228 1072 pne-

91 1096 95 1098 .
103 1070 166 1097 *sm
186 1080 226 1102 ιιι-

75 1863 94 1889 »μ
72 1751 97 1840 ι-,ςι-

905 184 1008 210 suu-us
1030 183 1051 207 v
1068 182 1115 208 ρι’.
1672 162 1709 200 'at
1717 167 1736 200 7
1768 170 1781 175 ·
1794 174 1847 203 An.
1866 173 1893 202 c.
1912 174 1980 202 1585

245 238 359 278 litates,
381 247 478 271 onera
511 243 538 270 et
561 238 686 271 servitia
707 238 864 271 lectorum
885 237 992 270 cathe-

244 290 441 324 draticorum
452 290 636 324 huiusmodi
647 291 853 335 pertinentia,
866 301 900 323 ac
913 290 991 323 alias

242 342 274 377 in
302 344 486 388 praemissis
515 350 546 377 et
573 344 657 377 circa
687 355 723 378 ea
755 343 933 377 neccssaria
961 348 991 376 et

241 402 436 441 opportuna,
464 397 548 430 licita
570 403 675 430 tamen
696 403 725 431 et
745 398 878 431 honesta
892 407 929 430 ac
940 407 989 429 sa-

241 449 304 483 cris
321 450 500 482 canonibus
520 455 550 484 et
570 450 699 484 concilii
724 450 900 483 Tridentini
936 450 991 483 de-

240 502 337 536 cretis
347 513 411 535 non
427 504 587 536 contraria
607 504 759 542 condere,
773 514 886 546 eaque,
904 508 990 546 post-

239 565 337 599 quam
358 556 484 589 condita
505 557 631 596 tuerint,
652 557 777 599 quoties
790 566 847 600 pro
857 556 988 589 illorum

238 619 277 642 ac
296 619 406 642 rerum
431 616 459 642 et
482 615 663 653 temporum
685 609 838 652 qualitate
852 609 899 642 vel
911 608 989 642 alias

239 661 412 705 expediens
436 661 606 702 videbitur,
644 667 779 700 mutare,
810 661 986 705 corrigere,

240 713 428 755 reformare,
455 715 603 755 alterare,
632 714 806 755 moderari,
828 714 988 758 interpre-

241 767 312 808 tari,
327 778 364 801 ac
375 767 408 800 in
422 773 487 801 toto
500 769 548 800 vel
561 768 593 800 in
606 773 695 811 parte
710 778 874 809 revocare,
893 773 988 811 atque

239 821 302 855 alia
318 821 358 854 de
381 831 462 855 novo
479 821 573 854 edere.
594 821 695 854 libere
707 827 737 854 et
748 821 832 855 licite
847 822 985 862 valeant,

239 874 429 908 auctoritate
449 880 479 908 et
504 881 614 908 tenore
636 874 795 918 praefatis,
805 876 844 908 de
856 875 988 919 speciali

239 928 342 971 gratia
357 927 573 971 indulgemus.

283 981 299 1024 ἓ
323 981 377 1015 11.
418 981 634 1015 Decernentes
664 981 842 1026 praemissa
879 982 988 1015 omnia

237 1043 366 1068 necnon
381 1040 567 1078 praesentes
586 1034 708 1068 litteras
727 1035 817 1068 nullo
831 1045 988 1078 umquam

238 1092 398 1131 tempore,
409 1088 504 1121 etiam
517 1099 552 1121 ex
565 1099 602 1121 eo
619 1088 705 1132 quod
718 1099 843 1128 causae,
855 1095 989 1132 propter

1031 234 1190 279 specialis,
1212 233 1374 278 specifica,
1397 241 1543 277 expressa
1564 236 1592 265 et
1618 230 1783 264 individua

1033 287 1153 320 mentio
1172 287 1236 328 liat,
1258 286 1507 330 comprcticndi3
1529 285 1598 324 sed,
1617 289 1782 327 tamquam

1032 340 1066 372 in
1098 340 1172 373 tidei
1197 341 1373 373 catholicae
1395 345 1425 371 et
1449 338 1543 371 divini
1565 338 1671 370 cultus
1694 337 1781 370 savo-

1035 403 1103 426 rem
1120 404 1156 426 ac
1165 392 1325 436 publicam
1340 393 1507 425 utilitatem
1519 397 1549 424 et
1560 391 1694 424 salutem
1709 400 1782 423 con-

1031 445 1143 486 cessas
1158 456 1282 489 semper
1303 446 1404 478 valida
1425 451 1452 478 et
1475 445 1617 477 efficacia
1638 444 1717 483 sore,
1744 454 1781 475 ao

1031 499 1159 542 quoties
1179 498 1251 531 illac
1272 499 1477 537 emanabant,
1501 498 1595 531 toties
1623 497 1654 530 in
1675 496 1781 540 pristi-

1031 563 1109 585 num
1127 558 1158 585 et
1178 562 1265 592 eum,
1288 553 1318 585 in
1334 564 1398 595 quo
1419 558 1511 584 antea
1532 556 1634 591 crant,
1664 555 1779 583 statum

1030 605 1187 646 restituta,
1210 605 1350 649 reposita
1374 611 1402 637 ct
1422 605 1563 648 plenarie
1577 604 1779 644 reintegrata,

1030 669 1066 691 ac
1080 658 1126 691 ‘de
1146 669 1240 699 novo,
1264 659 1359 692 etiam
1377 659 1435 690 sub
1456 658 1529 690 <lata
1549 668 1606 700 per
1631 656 1780 690 consules

1031 711 1163 750 iuratos,
1197 712 1387 744 rationalem
1414 716 1443 743 ct
1470 711 1635 755 syndicum
1655 712 1779 754 praeta-

1030 770 1088 804 tos‚
1119 775 1298 808 eorumque
1318 775 1519 797 successores
1536 774 1571 795 ac
1588 763 1678 803 alios,
1699 772 1780 805 quos

1029 818 1116 862 ipsae
1141 824 1325 862 praesentes
1362 817 1484 850 litterae
1519 820 1718 849 concernunt
1751 820 1781 847 ct

1029 878 1225 905 concernent
1254 871 1287 904 in
1318 871 1476 911 futurum,
1506 869 1666 912 eligenda,
1706 879 1780 901 con-

1030 936 1118 958 cessa
1138 936 1218 958 esse.

1074 979 1089 1022 g
1113 978 1166 1011 1-2.
1194 979 1310 1022 Sicque
1344 989 1402 1021 per
1434 987 1655 1020 quoscumque
1697 975 1909 1013 iudi-eimnflm
1924 992 1971 1012 „,1,-

1030 1042 1081 1065 ces
1099 1059 1106 1073 ‚
1143 1031 1324 1065 ordinarios
1352 1031 1399 1064 vel
1435 1030 1596 1072 delegatos
1614 1056 1620 1068 ,
1671 1029 1779 1071 quavis
1792 1023 1836 1044 ‘W‘
1854 1029 1895 1044 “¹⁰⁴
1911 1024 1976 1048 “²¹²³

1029 1085 1219 1118 auctoritate
1248 1086 1435 1127 fungentes,
1476 1083 1570 1116 etiam
1609 1093 1779 1115 causarum

238 1147 528 1186 quasemanarunt,
550 1152 659 1175 coram
680 1141 843 1175 ordinario
860 1142 936 1183 loci,
955 1152 988 1175 e-
1007 1135 1012 1179 1
1030 1139 1141 1172 Palatii
1168 1138 1342 1182 Apostolici
1371 1137 1535 1170 auditores
1559 1147 1595 1169 ac
1622 1135 1651 1168 S.
1684 1136 1719 1168 R.
1743 1136 1775 1168 E.

238 1194 314 1228 tiam
325 1199 490 1239 tamquam
501 1195 592 1228 Sedis
602 1195 762 1239 praefatae
772 1196 928 1238 delegato,
941 1196 988 1228 vel

239 1247 314 1282 alibi
325 1248 533 1289 examinatae,
542 1248 723 1281 verificatae
739 1253 771 1281 et
782 1249 988 1292 approbatae,

239 1311 278 1335 ac
296 1302 336 1334 ad
360 1302 392 1335 id
415 1302 569 1335 interesse
602 1302 756 1335 habentes
792 1301 896 1335 vocati
925 1313 989 1335 non

239 1354 371 1397 fuerint,
393 1366 500 1399 neque
520 1355 581 1399 ipsi
601 1356 664 1388 illis
683 1356 915 1396 consenserint,
935 1363 989 1389 aut

239 1408 302 1442 alio
319 1419 527 1452 quocumque
547 1414 725 1453 praetextu,
752 1409 790 1442 de
810 1409 991 1453 subreptio-

239 1461 290 1496 nis
304 1463 354 1496 vel
373 1462 574 1506 obreptionis
593 1468 648 1495 aut
667 1462 822 1496 nullitatis
841 1463 918 1496 vitio
933 1473 989 1496 seu

239 1515 426 1549 intentionis
450 1521 578 1549 nostrae
604 1517 652 1550 vel
685 1516 747 1549 alio
772 1516 885 1560 quovis
906 1517 991 1550 defe-

241 1573 295 1602 ctu
314 1568 429 1610 notari,
449 1569 646 1613 impugnari,
668 1569 847 1611 invalidari‚
870 1570 909 1603 ad
930 1576 991 1603 ter-

241 1621 347 1656 minos
366 1622 446 1655 iuris
466 1623 589 1663 reduci,
612 1623 645 1656 in
662 1623 711 1656 ius
730 1624 777 1656 vel
805 1629 990 1657 controver-

241 1675 321 1709 siam
344 1676 499 1718 revocari,
525 1682 581 1710 aut
615 1677 767 1710 adversus
797 1677 851 1710 illa
888 1677 991 1720 quod-

240 1739 381 1774 cumque
400 1729 490 1771 iuris,
511 1730 585 1764 facti
604 1731 651 1763 vel
677 1730 798 1773 gratiae
811 1730 990 1764 remedium

240 1782 408 1827 impetrari
427 1794 543 1828 posse,
564 1794 624 1817 nec
645 1785 703 1817 sub
718 1783 884 1827 quibusvis
896 1784 990 1817 unio-

241 1847 332 1878 num,
342 1836 902 1881 annexionum,jncorp01·ationum,
917 1847 992 1881 sup-

241 1889 458 1934 pressionum,
481 1890 724 1927 extinctionem,
741 1889 990 1933 separationum,

241 1942 577 1984 dismembrationum,
599 1943 865 1987 applicationum‚
876 1953 993 1987 appro-

241 1995 451 2040 priationum,
475 1997 570 2030 etiam
599 1997 749 2030 effectum
779 2006 844 2028 non
864 1997 991 2029 sortita-

241 2054 360 2091 tarum,
382 2050 584 2094 aliarumque
604 2050 757 2083 similium
784 2050 831 2082 vel
855 2049 992 2082 dissimi—

241 2103 322 2136 lium
341 2104 518 2147 gratiarum
534 2103 799 2142 revocationibus,
811 2103 991 2146 suspensio-

241 2155 358 2197 nibus,
391 2156 648 2197 limitationibus,
683 2156 988 2197 modificationibus,

243 2214 300 2243 aut
332 2210 403 2244 aliis
433 2211 603 2244 contrariis
623 2209 899 2252 dispositionibus,
932 2220 991 2253 per

241 2272 302 2296 nos
321 2274 377 2297 seu
394 2264 475 2297 alios
493 2263 654 2297 Romanos
678 2263 849 2295 Pontifices
868 2272 992 2295 succes-

243 2326 331 2349 sores
351 2322 479 2350 nostros
498 2316 677 2349 autSedem
687 2314 885 2353 huiusmodi,
897 2316 991 2347 etiam

243 2375 318 2397 cum
338 2365 502 2408 quibusvis
521 2365 796 2407 derogatoriarum
823 2367 992 2405 derogato-

243 2413 301 2446 riis
317 2414 454 2457 aliisque
473 2413 895 2447 efficacioribusctinsolitis
906 2415 993 2447 clau-

244 2462 333 2503 sulis,
356 2472 483 2495 necnon
503 2462 702 2495 irritantibus
719 2469 749 2495 et
769 2462 838 2494 aliis
857 2463 993 2495 decretis

246 2520 305 2554 pro
339 2515 485 2554 tempore
520 2511 620 2551 sactis,
646 2511 768 2543 etiamsi
796 2510 835 2543 de
871 2511 990 2543 eisdem

245 2559 476 2602 praesentibus,
490 2569 526 2592 ac
537 2569 647 2591 earum
660 2564 725 2592 toto
746 2566 856 2592 tenore
867 2564 897 2591 et
907 2559 990 2601 data,

329 2607 502 2639 BulI.·Rom.
523 2607 577 2637 Vol.
602 2607 675 2638 t’lll.
878 2608 914 2638 78

1030 1192 1219 1233 cardinales,
1253 1193 1377 1225 sublata
1397 1191 1442 1224 eis
1461 1198 1490 1223 et
1515 1200 1627 1223 corum
1648 1189 1780 1222 cuilibet

1030 1246 1141 1289 quavis
1168 1246 1261 1278 aliter
1292 1245 1456 1278 iudicandi
1487 1250 1517 1277 et
1545 1242 1775 1286 interpretandi

1031 1300 1183 1334 tacultate
1203 1305 1233 1332 et
1252 1299 1455 1339 auctoritate,
1469 1298 1500 1331 iu
1513 1298 1621 1342 quavis
1638 1308 1733 1330 causa
1748 1303 1778 1330 et

1020 1353 1193 1394 instantia,
1211 1351 1347 1385 iudicari
1359 1363 1395 1384 ac
1407 1351 1534 1384 definiri
1552 1351 1668 1384 dehere
1684 1362 1690 1390 3
1705 1350 1779 1382 irri-

1032 1414 1100 1441 tum
1120 1417 1251 1450 quoque
1271 1411 1302 1439 et
1322 1406 1428 1446 inane,
1453 1405 1478 1437 si
1498 1415 1589 1438 secus
1614 1415 1711 1448 super
1730 1404 1779 1436 his

1031 1473 1049 1494 a
1068 1466 1253 1505 quoquam‚'
1270 1459 1382 1503 quavis
1408 1459 1611 1498 auctoritate,
1643 1458 1780 1491 scienter

1033 1515 1082 1548 vel
1098 1515 1297 1557 ignoranter,
1320 1512 1492 1554 contigerit
1513 1511 1674 1544 attentari.

1076 1569 1090 1612 ἓ
1116 1568 1168 1601 13,
1196 1567 1354 1606 Quocirca
1376 1565 1612 1599 venerabilibus
1627 1565 1779 1597 fratribus
1822 1574 1976 1610 7Εηειιιιπει

1032 1622 1150 1655 nostris
1178 1621 1423 1664 archiepiscopo
1450 1618 1628 1659 Valentino,
1651 1624 1679 1651 et
1711 1618 1778 1661 epi·
1792 1606 1979 1667 ἷζζζζζεὲζρζὴζζ

1033 1686 1130 1718 scopo
1150 1673 1320 1710 Oriolensi‚
1343 1684 1379 1706 ac
1394 1673 1512 1706 dilecto
1532 1672 1597 1705 filio
1619 1672 1778 1705 archidia-

1033 1739 1114 1762 cono
1142 1727 1295 1761 ecclesiae
1316 1725 1499 1759 Valentinae
1523 1736 1581 1770 per
1605 1725 1779 1769 apostolica

1033 1781 1149 1826 scripta
1171 1781 1360 1814 mandamus
1380 1785 1537 1822 quatenus
1558 1779 1617 1822 ipsi
1644 1779 1690 1811 vel
1715 1779 1779 1811 duo

1032 1841 1087 1869 aut
1111 1845 1195 1868 unus
1228 1845 1355 1873 eorum,
1384 1844 1440 1876 per
1468 1843 1499 1865 se
1525 1833 1572 1865 vel
1600 1832 1699 1865 alium
1724 1843 1779 1865 seu

1033 1889 1122 1929 alios,
1147 1893 1331 1931 praesentes
1351 1887 1472 1919 litteras
1488 1891 1515 1919 et
1530 1886 1560 1918 in
1573 1885 1617 1918 eis
1631 1891 1780 1918 contenta

1034 1951 1272 1986 quaecumque,
1296 1940 1350 1973 ubi
1371 1945 1401 1972 et
1425 1939 1553 1983 quando
1570 1949 1651 1982 opus
1672 1939 1776 1979 suerit,

1033 2006 1069 2028 ac
1089 1995 1214 2039 quoties
1234 2005 1292 2037 pro
1314 1999 1402 2037 parte
1424 2003 1482 2036 pro
1494 1992 1780 2036 temporeexisten-

1034 2049 1112 2081 tium
1146 2048 1314 2081 consulum
1341 2047 1531 2085 iuratorum,
1563 2045 1726 2078 rationalis
1750 2051 1781 2078 et

1034 2102 1155 2146 syndici
1185 2112 1219 2134 ac
1256 2100 1513 2143 pras-positorum
1539 2099 1780 2142 praedictorum

1034 2166 1089 2188 seu
1111 2154 1247 2188 alicuius
1259 2164 1371 2186 eorum
1388 2152 1505 2185 suerint
1525 2152 1682 2195 requisiti,
1700 2152 1782 2185 sole-

1035 2209 1152 2241 mniter
1182 2207 1394 2251 publicanteS,
1415 2206 1525 2248 eisque
1546 2205 1577 2237 in
1599 2205 1782 2248 praemissis

1034 2261 1173 2295 efficacis
1194 2260 1388 2293 defensionis
1409 2259 1568 2302 praesidio
1589 2258 1780 2299 assistentes,

1035 2315 1151 2347 saciant
1175 2314 1365 2346 auctoritate
1394 2318 1502 2345 nostra
1537 2312 1663 2345 easdem
1689 2322 1781 2355 prae-

1034 2369 1138 2396 sentes
1167 2368 1195 2395 et
1226 2363 1257 2394 in
1291 2362 1336 2395 cis
1356 2367 1506 2394 contenta
1530 2360 1715 2393 huiusmodi
1740 2360 1780 2392 ab

1033 2412 1195 2449 omnibus,
1215 2412 1252 2443 a¹l
1275 2422 1356 2454 quos
1375 2415 1495 2453 spectat
1516 2416 1547 2442 et
1564 2415 1780 2452 protempore

1034 2462 1202 2506 spectabit,
1221 2460 1447 2493 inviolabiliter
1466 2459 1625 2492 observari
1641 2470 1648 2499 ;
1675 2458 1779 2501 ipsos-

1034 2522 1096 2554 que
1117 2510 1266 2543 consules
1286 2509 1418 2548 iuratos,
1439 2508 1629 2541 rationalem
1659 2514 1689 2540 et
1707 2518 1780 2551 syn-

1034 2560 1144 2593 dicum
1173 2568 1210 2591 ae
1234 2558 1435 2602 praepositos
1454 2567 1513 2602 pro
1543 2563 1687 2601 tempore
1716 2556 1780 2589 exi-
