2059 3228
75 297 77 305 ’
127 332 131 337 ,
164 289 225 327 sub
243 289 363 325 annulo
386 289 568 331 P1scatoris,
599 290 650 324 die
684 291 788 335 prima
822 296 909 324 octo-

163 343 241 385 bris,
263 343 433 377 millesimo
456 344 715 388 quingentesimo
739 350 907 388 septuage-

162 395 243 431 simo
262 405 358 438 nono,
377 397 583 440 pontificatus
602 398 701 431 nostri
732 408 816 431 anno
839 407 903 431 viu.

71 444 90 486 ¹.
181 452 244 486 Dat.
260 453 307 486 die
323 455 336 485 1
358 455 486 485 octobris
499 455 586 489 1570,
601 456 704 495 pontif.
728 464 805 485 anno
822 464 884 486 vni.

485 613 570 647 Ci'tl.

158 687 369 731 Confirmatio
390 689 608 722 institutionis
635 699 673 721 ac
705 693 902 722 statutorum

198 741 324 785 colleqii
351 747 600 785 procuratormn
626 742 770 776 civitatis
796 742 900 775 Peru-

196 794 327 829 sinae1.

151 872 299 910 Gregorius
309 874 379 910 Papa
387 874 455 908 xiil,
465 875 499 903 ad
508 875 669 910 perpetuam
676 870 718 903 rei
728 875 897 904 memoriam.

193 953 261 997 51.
287 953 411 998 Exponi
431 955 525 988 nobis
551 965 657 998 nuper
681 955 827 989 fecerunt
850 956 898 989 di·

150 1006 224 1041 lecti
242 1007 301 1040 filii
321 1007 463 1041 decanus
482 1013 513 1041 et
525 1008 750 1049 vicedecanus,
768 1020 896 1042 necnon

149 1065 376 1105 procuratores
383 1061 511 1104 collegii
523 1067 771 1104 procuratorum
783 1068 811 1095 et
822 1073 896 1095 cau-

136 1122 200 1151 ,sas
227 1112 404 1146 dicentium
425 1113 457 1146 in
476 1113 602 1147 civitate
619 1114 772 1147 Perusina
800 1126 896 1148 cano-

98 1168 108 1180 ·
147 1165 221 1199 nice
246 1166 397 1207 instituti,
422 1167 509 1210 quod
537 1166 616 1199 alias
640 1167 764 1200 dictum
800 1169 896 1202 colle-

95 1264 97 1266 ·
148 1218 250 1262 gium,
265 1229 324 1263 pro
337 1229 508 1252 causarum
522 1219 671 1252 celeriori
691 1220 894 1264 expeditione

93 1288 104 1306 a
149 1276 181 1305 et.
202 1272 317 1306 maiori
337 1272 474 1306 utilitate
504 1278 535 1305 et
563 1273 734 1306 commodo
768 1274 894 1317 litigan-

87 1323 102 1357 ἠ’
118 1366 126 1376 .
147 1323 228 1358 tium
252 1325 434 1359 institutum
456 1326 524 1366 suit,
555 1332 584 1359 et
610 1337 669 1370 pro
695 1326 782 1360 illius
807 1327 892 1361 dire-

147 1376 253 1412 ctione
265 1384 297 1412 et
311 1379 553 1412 manutentione
574 1379 727 1423 capitula,
749 1380 890 1421 decreta,

147 1430 376 1473 ordinationes,
403 1432 623 1465 institutiones
642 1438 824 1476 statutaque
842 1434 891 1466 in-

145 1484 314 1528 frascripta
333 1485 538 1529 promulgata
562 1486 705 1526 suerunt,
727 1485 888 1520 videlicet:

79 1572 82 1578 ,
158 1536 164 1544 '
188 1537 205 1581 5
223 1537 255 1570 2.
275 1538 367 1578 Quod
383 1549 480 1572 nemo
498 1538 596 1582 possit
619 1539 650 1571 in
671 1539 757 1572 dicta
783 1540 891 1572 cirita-

83 1594 89 1619 ἶ
111 1593 175 1625 ¹³te
193 1589 346 1635 illiusque
356 1592 572 1625 tribunalibus
592 1598 621 1625 et
638 1593 737 1626 curiis
747 1593 890 1626 officium

142 1645 365 1689 procuratoris
381 1651 412 1678 et
431 1645 585 1678 causidici
603 1656 727 1687 gerere,
746 1646 806 1679 nisi
821 1648 890 1680 t'ue-

142 1695 186 1731 rit
202 1697 399 1741 originarius
422 1699 499 1731 civis
509 1699 695 1739 Perusinus,
717 1699 891 1732 bonorum-

141 1761 207 1795 que
237 1761 386 1792 morum,
420 1752 592 1786 laudabilis
626 1753 725 1792 vitae,
750 1753 890 1796 optimae

142 1803 337 1844 conditionis
364 1811 395 1838 et
417 1805 533 1846 famae,
561 1810 593 1838 et
624 1816 682 1849 per
709 1806 889 1849 quinquen-

140 1855 233 1889 nium
257 1867 389 1900 operam
409 1857 535 1891 dederit
559 1857 735 1897 theoricae,
773 1864 804 1891 et
831 1869 890 1902 per

141 1907 308 1943 biennium
333 1911 495 1954 practicae
515 1911 710 1944 incubuerit.

66 1973 73 1981 ¹
98 1983 148 2011 d..-
185 1962 202 2006 §
219 1962 252 1997 3.
277 1963 433 2007 Quodque
452 1964 616 2007 antiquior
637 1964 669 1997 in
687 1964 772 1998 dicto
790 1964 888 1997 colle-

142 2014 195 2059 gio
212 2022 363 2061 receptus
381 2027 510 2062 semper
537 2018 766 2051 denominetur
794 2018 888 2051 deca-

141 2078 214 2110 nuS‚
235 2075 267 2103 et
281 2080 420 2114 sequens
435 2071 655 2111 vicedecanus,
669 2070 889 2114 quibusliceat

141 2121 329 2156 huiusmodi
346 2124 530 2167 collegium,
554 2134 613 2168 pro
632 2124 824 2168 peragendis
848 2125 886 2156 il-

142 2175 204 2208 lius
222 2176 377 2219 negociis,
393 2187 568 2210 convocare
593 2182 623 2210 et
647 2177 821 2210 coadunari
841 2178 887 2209 fa-

108 2226 111 2230 '
141 2238 225 2269 cere,
242 2233 274 2262 et
292 2239 404 2263 omnes
421 2236 648 2273 procuratores
663 2230 740 2264 dicti
759 2230 886 2273 collegii

59 2272 64 2280 ”
135 2280 186 2314 eis
196 2281 413 2315 obedientiam
424 2289 586 2326 praestare
603 2293 783 2326 eorumque
800 2294 887 2316 man-

139 2333 221 2368 datis
238 2345 354 2378 parere
372 2341 554 2376 teneantur,
575 2341 606 2368 et
625 2335 658 2368 in
678 2336 886 2379 procedendo

140 2397 178 2420 ac
196 2387 377 2421 incedendo
402 2389 618 2431 omnibusque
648 2389 719 2421 aliis
743 2389 822 2421 actis
849 2399 886 2422 ac

140 2438 360 2474 functionibus
381 2450 508 2484 semper
522 2441 704 2474 senioribus
720 2442 824 2474 omnis
838 2452 886 2475 re-

139 2495 290 2535 verentia,
323 2493 382 2526 sub
409 2504 513 2537 poena
532 2494 751 2537 suspensionis
769 2500 799 2527 et
818 2494 885 2537 pri-

140 2546 276 2580 vationis
293 2547 333 2580 ad
349 2552 487 2591 tempuS,
508 2547 663 2590 praestari
680 2547 828 2580 debeant.

177 2621 189 2647 i
206 2620 247 2649 Ex
262 2622 374 2657 Regest.
390 2621 418 2650 in
439 2621 544 2650 Secret.
561 2621 702 2649 Brevium.

769 234 943 262 GREGOMYN
960 233 1016 261 xm
1033 235 1082 260 PP.

1588 220 1649 254 ⁶209
1708 228 1760 256 An.
1777 228 1805 257 c.
1824 229 1889 256 1570

993 289 1008 332 ἓ
1022 288 1053 320 4.
1076 289 1120 320 Ac
1135 287 1190 331 qui
1204 287 1272 320 vult
1286 286 1410 320 admitti
1427 285 1460 319 in
1475 284 1597 319 dictum
1625 283 1692 316 col·
1709 290 1747 325 *110
1762 291 1889 326 admi-sione

948 341 1080 384 legium,
1093 340 1125 373 id
1141 340 1263 378 decano
1282 351 1338 373 seu
1357 339 1551 372 vicedecano
1571 337 1690 377 dicere,
1708 321 1858 349 ¹⁰⁶⁰u⁰⁸¹u¹³¹'

946 405 983 428 ac
1000 395 1040 427 ab
1053 404 1090 427 eo
1107 393 1268 427 licentiam
1281 392 1468 436 explorandi
1480 391 1605 424 animos
1615 390 1694 423 alio-

946 457 1017 480 rum
1038 447 1184 480 obtinere
1204 446 1338 486 debeat,
1359 452 1389 479 et
1408 445 1536 485 deinde,
1560 443 1692 477 lieentia

945 500 1131 534 huiusmodi
1148 500 1288 539 obtenta,
1301 499 1472 539 collegium
1486 497 1690 542 praedictum

944 563 1140 596 congregare
1156 553 1276 592 valeat3
1302 557 1334 584 et
1357 551 1388 583 in
1410 551 1496 584 illius
1515 560 1691 593 congrega-

945 607 1031 639 tione
1063 607 1261 650 depntentur
1286 605 1436 637 nonnulli
1467 603 1687 647 inquisitores,

942 659 997 702 qui
1017 660 1056 692 de
1075 659 1243 702 qualitate,
1266 657 1462 697 conditione,
1488 656 1562 695 vita,
1590 656 1688 688 mori-

941 713 1015 750 bus,
1036 712 1155 752 littera,
1177 711 1320 755 practica
1337 716 1368 743 et
1386 709 1579 742 sufficientia
1598 720 1688 742 assu-

942 765 1049 799 mendi
1067 776 1100 798 se
1114 765 1240 808 plenius
1258 764 1445 802 informare,
1463 773 1500 795 ac
1516 762 1624 795 habita
1641 762 1685 794 in-

941 819 1142 858 formatione,
1160 817 1242 850 inlra
1259 822 1330 850 octo
1350 815 1417 848 dies
1437 815 1541 848 eidem
1551 815 1685 857 collegio

940 872 1127 905 relationem
1144 872 1248 903 facere
1261 870 1418 909 debeant·,
1442 879 1506 912 qua
1530 867 1685 901 relatione

939 926 1032 965 sacta,
1062 925 1087 958 si
1125 924 1307 957 favorabilis
1331 922 1444 962 suerit,
1475 927 1553 954 tunc
1580 921 1683 964 depu-

938 983 1045 1011 tentur
1079 978 1144 1010 duo
1178 977 1412 1010 examinatores
1441 974 1617 1008 exactiores
1645 974 1684 1006 ab

937 1031 1049 1064 eodem
1085 1030 1241 1073 collegio,
1275 1029 1341 1072 qni,
1379 1028 1484 1061 solum
1520 1027 1619 1060 Deum
1653 1032 1684 1060 et

937 1084 1125 1117 charitatem
1151 1093 1226 1126 prae
1245 1083 1348 1116 oculis
1370 1082 1536 1121 habentes,
1562 1080 1683 1113 dictum

936 1137 1165 1170 assumendum
1182 1136 1376 1175 examinent,
1398 1141 1426 1168 et
1449 1134 1684 1168 examinatione

936 1190 1120 1223 huiusmodi
1158 1195 1288 1233 peracta
1302 1214 1310 1229 ,
1345 1189 1435 1221 illinc
1468 1188 1508 1221 ad
1538 1193 1603 1221 tres
1634 1187 1682 1220 vel

934 1250 1074 1288 quatuor
1089 1244 1156 1277 dies
1169 1243 1359 1276 relationem
1370 1242 1499 1281 saciant,
1512 1246 1544 1274 et
1554 1241 1681 1280 deinde,

934 1298 958 1330 si
984 1297 1120 1330 idoneus
1144 1301 1292 1340 repertus
1316 1296 1424 1334 suerit,
1441 1301 1512 1329 vota
1531 1295 1682 1338 collegia-

933 1350 1011 1383 lium
1030 1361 1242 1394 personarum
1254 1349 1448 1383 assumendo
1461 1354 1678 1393 praestentur3

933 1410 961 1436 ef
983 1403 1006 1436 si
1026 1403 1128 1436 maior
1143 1403 1272 1436 illorum
1291 1413 1364 1445 pars
1383 1412 1442 1446 pro
1462 1403 1680 1446 assumptione

933 1457 1128 1497 convenerit,
1147 1456 1199 1489 ille
1214 1455 1412 1498 intelligatur
1430 1456 1588 1488 admissus
1603 1462 1631 1488 et
1648 1457 1678 1487 in

932 1509 1046 1542 eodem
1073 1509 1210 1552 collegio
1228 1509 1419 1552 descriptus,
1437 1520 1475 1542 ac
1490 1519 1548 1552 pro
1565 1509 1679 1541 huius-

932 1564 1018 1596 modi
1031 1564 1223 1597 admissione
1243 1564 1366 1596 solvere
1387 1568 1536 1596 teneatur
1558 1562 1589 1595 in
1609 1573 1677 1594 ma-

931 1617 1025 1650 nibus
1045 1618 1229 1662 depositarii
1250 1617 1326 1650 dicti
1339 1617 1566 1659 collegiiscuta
1580 1616 1676 1659 quin-

931 1681 993 1715 que
1013 1671 1097 1708 auri,
1119 1671 1311 1714 deponenda
1341 1675 1513 1713 antequam
1539 1669 1676 1702 examini

930 1735 962 1757 se
985 1724 1153 1764 subiiciat,
1178 1730 1227 1764 et,
1250 1724 1334 1756 ultra
1359 1723 1550 1766 praemissa,
1576 1733 1674 1755 unum

930 1787 988 1821 par
1005 1778 1269 1810 chirothecarum
1290 1777 1420 1810 cuilibet
1443 1787 1480 1809 ex
1508 1775 1675 1808 causidici<

930 1832 1019 1871 dare,
1056 1837 1086 1864 et
1120 1836 1191 1874 post
1225 1830 1453 1863 admissionem
1491 1828 1675 1861 huiusmodi

930 1884 1147 1917 iuramentum
1167 1889 1329 1927 praestare
1345 1888 1503 1921 teneatur,
1527 1881 1674 1913 manibus

929 1939 1020 1972 tactis
1055 1938 1267 1971 sacrosanctis
1291 1936 1490 1979 Ei‘angeliis,
1526 1935 1584 1967 suh
1615 1934 1675 1965 hac

929 1993 1044 2030 fornia,
1065 1991 1234 2024 videlicet:

972 2045 1037 2086 Ego
1053 2044 1090 2077 N.
1113 2044 1184 2076 iuro
1210 2054 1268 2087 per
1293 2043 1392 2075 Deum
1421 2041 1672 2083 omnipotentem
1713 2051 1788 2088 roma
1810 2056 1868 2076 im-

928 2098 1066 2137 Patrem,
1084 2103 1114 2130 et
1129 2097 1299 2129 Dominum
1314 2101 1456 2127 nostrum
1470 2094 1572 2126 lesum
1584 2093 1673 2126 Chri·
1685 2087 1751 2135 3⁰2¹*
1761 2088 1870 2141 ξζζῖῗξξ

928 2157 1011 2183 stum
1033 2150 1136 2183 silium
1157 2149 1226 2183 eius
1245 2147 1456 2191 unigenitum,
1478 2153 1507 2178 et
1527 2157 1584 2189 per
1603 2145 1766 2190 Spi-10ribus
1791 2146 1869 2167 ‘fimi‘-

1686 2177 1755 2198 tendis
1779 2179 1800 2198 in
1822 2177 1868 2198 eol-

927 2205 1024 2237 ritum
1036 2204 1201 2243 Sanctum,
1215 2202 1270 2245 qui
1288 2212 1324 2234 ex
1334 2201 1426 2233 Patre
1440 2199 1584 2243 Filioque
1595 2210 1671 2243 pro-
1685 2208 1762 2259 tizam
1785 2207 1869 2236 praeta-

928 2257 1022 2297 cedit,
1049 2262 1078 2289 et
1112 2266 1170 2299 per
1192 2265 1304 2288 omnes
1331 2258 1457 2286 sanctos
1486 2257 1516 2285 et
1547 2257 1672 2285 sanctas

927 2310 992 2350 Dei,
1004 2321 1040 2343 ae
1055 2308 1264 2342 iureiurando
1276 2306 1429 2350 promitto
1440 2304 1583 2338 officium
1599 2315 1672 2349 pro-

927 2362 1114 2402 curationis,
1123 2371 1227 2405 nuper
1237 2370 1295 2404 per
1304 2368 1354 2391 me
1363 2362 1576 2401 assumptum,
1586 2368 1670 2390 sern-

926 2426 985 2459 per
1004 2421 1035 2449 et
1063 2415 1228 2454 continue,
1259 2413 1336 2445 dum
1369 2411 1449 2443 illud
1483 2421 1669 2451 exercuero,

926 2465 1076 2505 fideliter,
1095 2463 1252 2506 legaliter,
1278 2461 1362 2493 hona
1378 2460 1442 2493 fide
1457 2465 1572 2492 etcum
1584 2465 1669 2493 recta

926 2513 1122 2547 conscientia
1147 2520 1308 2550 exercere,
1335 2509 1434 2541 iustas
1453 2519 1564 2541 causas
1580 2519 1670 2541 assu-

925 2572 1014 2595 mere
1043 2567 1073 2594 et
1099 2559 1280 2598 defendere,
1306 2563 1336 2590 et
1360 2556 1525 2597 iustitiam,
1551 2556 1668 2589 verita-

925 2615 990 2644 tem
1011 2615 1042 2644 et
1060 2609 1253 2653 aequitatem
1275 2606 1440 2651 amplecti,
1462 2611 1491 2639 et
1507 2605 1671 2649 quampri-
