2059 3228
163 263 215 288 An.
235 263 262 290 C.
283 261 350 290 1577

162 329 285 352 tegentibus
331 331 355 350 et

164 356 310 379 superioribus
332 363 355 375 e-

164 382 247 400 insdom
266 382 354 407 collegii

170 413 270 428 *oucessm

218 1912 361 1932 Prote-ciorum

172 1940 299 1964 designatio.

406 263 469 297 190

367 330 470 358 tamen
497 326 705 359 cardinalium
731 333 956 371 protectorum,
980 330 1034 373 qui
1050 339 1108 372 pro

369 384 507 422 temporo
532 379 656 418 suerint,
683 390 738 413 seu
765 381 896 414 alicuius
919 392 1038 423 eorum,
1063 383 1108 414 vel

369 432 407 464 de
430 432 570 475 ipsorum
588 432 720 465 consilio
737 438 766 465 et
780 444 925 477 expresso
942 444 1106 474 consensu,

370 485 446 524 illos,
473 494 550 526 quos
574 484 605 517 in
637 485 721 518 dicto
745 486 876 529 collegio
900 492 930 520 et
953 486 1027 519 alibi
1051 497 1108 529 per

369 536 510 568 debitum
536 541 658 580 tempus
682 538 847 579 studuisse,
873 550 908 572 ae
931 540 1106 572 litterarum

369 589 500 621 scientia
510 594 537 622 et
550 590 691 623 moribus
705 590 833 624 idoneos
842 602 908 624 esse
921 591 1107 634 repererint,

369 641 408 673 ad
436 641 700 683 baccalaureatus,
725 643 943 676 licentiaturae
965 644 1107 676 doctora-

369 698 480 736 tusque
494 698 522 726 et
541 694 714 737 magisterii
732 696 858 738 gradus,
872 700 992 728 servata
1009 696 1107 728 forma

369 746 494 778 concilii
533 747 727 787 Viennensis,
768 748 851 780 iuxta
891 748 1108 781 Uni-versitatis

369 798 511 831 eiusdem
538 799 631 832 Urbis
661 801 921 834 consuetudinem
954 812 1007 833 seu
1032 802 1108 833 alias

368 851 589 893 promovendi,
614 857 643 885 et
668 852 807 895 ipsorum
832 854 986 895 graduum
1019 854 1108 886 solita

369 902 510 945 insignia
534 903 579 936 eis
603 903 781 945 exhibendi;
801 906 946 949 quodque
970 905 1014 938 sic
1038 916 1109 948 pro-

372 955 460 995 moti,
496 955 679 997 facultates,
704 957 736 989 in
772 958 887 1000 quibus
922 958 1107 998 studuerint,

365 1007 467 1049 legere
483 1012 511 1040 et
530 1008 753 1050 interpretari,
769 1020 806 1041 ac
822 1010 859 1042 de
877 1010 921 1043 eis
939 1011 1108 1053 disputare,

368 1065 398 1092 et
424 1071 639 1103 quoscumque
663 1061 775 1103 gradui
801 1072 853 1094 seu
877 1062 1028 1104 gradibus
1052 1062 1109 1093 hu-

368 1111 503 1144 iusmodi
529 1113 752 1146 convenientes
775 1119 861 1146 actus
885 1125 1048 1154 exercere3
1073 1125 1109 1147 ac

368 1164 516 1197 omnibus
529 1171 558 1197 ct
573 1166 704 1208 singulis
718 1167 838 1208 gratiis
849 1167 1110 1211 flavoribus,prae-

369 1216 521 1259 rogatiris
544 1223 572 1250 et
600 1218 739 1259 indultis,
756 1219 872 1262 quibus
895 1220 948 1253 alii
973 1221 1005 1253 in
1019 1231 1110 1264 prae-

367 1268 450 1301 dicta
488 1280 540 1301 seu
575 1270 644 1303 aliis
682 1271 944 1306 Universitatibus
968 1278 999 1306 et
1021 1273 1107 1315 alibi,

368 1319 453 1353 iuxta
479 1322 561 1355 illius
584 1328 614 1355 et
638 1324 770 1357 aliarum
788 1325 1034 1359 Universitatum
1052 1327 1109 1359 hu-

365 1373 500 1407 iusmodi
516 1376 756 1410 constitutiones
772 1382 801 1410 et
817 1388 930 1420 mores,
940 1379 979 1411 ad
993 1379 1110 1421 gradus

367 1427 546 1468 praedictos
582 1430 729 1472 promoti,
755 1431 792 1464 de
817 1431 885 1464 iure
908 1433 954 1465 vel
977 1443 1110 1465 consue-

366 1479 494 1512 tudine·
514 1486 666 1522 utuntur,
692 1483 857 1525 potiuntur
894 1489 925 1517 et
959 1485 1108 1527 gaudent,

367 1532 424 1572 uti,
449 1533 543 1576 potiri
568 1541 598 1567 et
615 1535 754 1577 gaudere
769 1537 890 1580 possint
909 1548 945 1570 ac
962 1537 1108 1578 debeant,

368 1587 501 1628 perinde
525 1598 561 1620 ac
585 1589 609 1620 si
634 1589 750 1631 gradus
781 1590 958 1632 praedictos
982 1590 1015 1622 in
1042 1590 1108 1632 ipsa

367 1637 586 1680 Universitate,
604 1640 689 1673 iuxta
704 1642 948 1675 consuetudines
964 1647 995 1674 et
1007 1652 1110 1674 mores

369 1691 557 1733 praedictos,
576 1692 794 1735 suscepissent,
809 1694 1001 1727 concedendi
1015 1700 1044 1727 et
1063 1695 1110 1727 in-

375 1742 535 1785 dulgendi,
559 1744 689 1777 liberam
713 1746 821 1778 cadem
845 1747 1033 1780 auctoritate
1057 1748 1109 1780 da-

370 1806 440 1829 mus
464 1797 640 1830 facultatem
665 1803 695 1830 et
717 1804 914 1840 potestatem.

415 1850 431 1893 5
455 1849 483 1882 7.
508 1851 547 1883 Ut
571 1861 644 1884 vero
679 1851 778 1895 ipsius
801 1852 923 1895 collegii
947 1863 1110 1885 conserva-

372 1902 452 1935 tioni
476 1903 623 1946 bonoque
647 1904 807 1947 regimini,
826 1910 887 1937 tam
914 1904 945 1937 in
963 1905 1014 1937 liis
1042 1916 1111 1947 quie

373 1955 413 1988 ad
448 1955 680 1989 institutionem
715 1962 747 1990 et
781 1957 991 2000 disciplinam,
1016 1969 1109 2000 quam

372 2019 441 2051 quae
464 2009 502 2041 ad
526 2009 654 2050 victum,
678 2009 823 2042 vestitum
855 2010 978 2053 aliaque
1002 2011 1111 2044 huius-

372 2061 455 2094 modi
492 2061 667 2094 necessaria
702 2062 879 2105 pertinent,
902 2064 1111 2106 opportunius

371 2114 562 2155 consulatur,
586 2114 715 2147 dilectos
739 2114 818 2147 filios
851 2119 974 2147 nostros
998 2116 1111 2149 Guliel-

372 2176 459 2198 mum
485 2166 631 2199 Sirletum
649 2167 753 2200 Sancti
772 2168 931 2200 Laurentii
956 2168 989 2200 in
1006 2169 1111 2202 Panis-

372 2228 480 2260 perna,
516 2224 546 2251 et
580 2220 692 2252 Iulium
722 2220 892 2253 Antonium
928 2220 958 2254 S.
982 2222 1112 2254 Bartho-

374 2270 474 2302 lomtei
506 2271 536 2302 in
573 2272 676 2305 Insula
706 2273 734 2306 S.
760 2273 924 2306 Severiuae
948 2274 1110 2307 titulorum

375 2324 584 2365 presbyteros,
610 2335 733 2358 necnon
751 2326 899 2359 dilectum
923 2326 1023 2359 filium
1042 2327 1111 2359 Phi-

378 2373 497 2416 lippum
532 2377 772 2410 Vastavillanum
804 2378 833 2411 S.
865 2378 978 2412 Mariae
1011 2380 1111 2412 Novae

374 2427 555 2464 diaconum,
587 2431 616 2463 S.
642 2431 676 2463 R.
707 2432 740 2464 E.
764 2432 948 2473 cardinales,
971 2432 1111 2464 eiusdem

375 2482 498 2523 collegii
517 2488 710 2524 protectores
726 2485 948 2517 constituimus
964 2495 999 2517 ac
1016 2485 1111 2528 depu-

378 2539 493 2575 tamus,
512 2546 645 2577 ‹iuorum
664 2537 795 2570 consilio
812 2542 843 2570 et
858 2547 916 2580 ope
933 2536 1112 2579 supradicta

929 275 1115 301 BULLARmM
1138 274 1293 301 Romam!

1136 329 1338 363 dimittendos
1361 329 1533 373 spectantia
1556 335 1702 373 agantur,
1726 335 1870 365 statuan-

1137 387 1188 415 tur
1210 388 1238 415 et
1263 382 1459 423 ordinentur3
1483 384 1592 416 dautes
1617 384 1735 417 eisdem
1759 389 1790 417 et
1813 395 1871 428 pro

1138 441 1277 478 tempore
1307 436 1510 469 existentibus
1544 437 1773 480 protectoribus
1808 439 1872 482 ple-

1139 499 1210 521 nam
1235 494 1264 521 et
1288 489 1420 521 liberam
1444 489 1624 522 facultatem
1647 495 1677 523 et
1701 490 1873 524 auctorita-

1139 547 1210 581 tem,
1232 553 1288 585 pro
1315 542 1431 574 salubri
1458 542 1630 575 directione
1653 548 1684 575 et
1706 553 1871 575 conserva·

1140 594 1224 626 tione
1247 594 1321 626 dicti
1347 593 1470 637 collegii
1495 594 1639 638 illiusque
1661 596 1817 629 bonorum
1841 601 1874 630 et

1139 655 1243 677 rerum
1261 655 1297 677 ae
1313 645 1443 686 iurium,
1460 648 1523 678 tam
1541 647 1760 690 temporalium
1778 658 1874 691 quam

1143 697 1365 740 spiritualium,
1383 708 1579 739 oeconomos,
1603 700 1778 741 advocatos,
1801 710 1875 744 pro-

1136 754 1294 781 curatores
1317 749 1456 792 aliosque
1481 750 1641 784 ministros
1673 756 1704 785 et
1726 752 1874 786 officiales

1137 801 1169 833 in
1192 811 1228 834 eo
1259 801 1430 844 deputandi
1460 803 1700 846 amovendique,
1733 809 1765 837 et
1795 805 1873 839 alios

1136 863 1245 885 eorum
1275 854 1343 886 loeo
1378 854 1571 895 sufficiendi‚
1595 855 1874 901 ordinationesque

1136 910 1167 937 et
1190 909 1322 946 statuta,
1347 905 1433 939 licita
1468 911 1576 940 tamen
1603 912 1634 940 et
1664 908 1796 942 honesta
1825 920 1874 943 sa-

1137 957 1261 1000 crisque
1283 958 1458 991 canonibus
1480 964 1511 992 et
1533 960 1665 993 concilio
1688 960 1874 996 Tridentino

1139 1020 1201 1042 non
1226 1011 1448 1055 repugnantia,
1472 1012 1607 1045 faciendi
1631 1017 1662 1045 et
1685 1013 1806 1054 edendi;
1822 1024 1875 1047 ea-

1139 1073 1210 1106 que,
1235 1074 1307 1096 cum
1343 1064 1444 1097 visum
1480 1064 1584 1105 suerit,
1615 1065 1791 1107 revocandi,
1815 1065 1876 1099 im-

1140 1117 1291 1157 mutandi,
1331 1117 1522 1160 corrigendi,
1557 1117 1679 1160 aliaque
1716 1118 1755 1151 de
1791 1128 1874 1152 novo

1139 1169 1303 1210 condendi,
1321 1180 1412 1212 quae,
1429 1174 1596 1212 postquam
1608 1169 1698 1210 sacta,
1714 1169 1808 1210 edita,
1824 1180 1873 1202 re·

1138 1227 1255 1263 vocata,
1274 1222 1440 1255 immutata
1456 1226 1485 1255 et
1503 1226 1643 1255 correcta
1666 1221 1793 1263 suerint,
1817 1231 1873 1265 pe-

1140 1274 1229 1307 rinde
1265 1274 1376 1307 haberi
1405 1274 1548 1307 volumus
1571 1284 1606 1307 ac
1630 1274 1654 1307 si
1686 1273 1876 1307 auctoritate

1138 1327 1307 1370 apostolica
1324 1326 1498 1369 approbata
1514 1331 1541 1359 et
1560 1326 1743 1359 confirmata
1760 1331 1875 1366 essent;

1139 1380 1252 1422 illaque
1276 1379 1315 1411 ab
1338 1378 1683 1416 omnibusrectoribus.
1707 1377 1878 1421 magistris,

1139 1432 1334 1466 scholaribus
1357 1431 1490 1474 aliisque
1524 1431 1669 1473 personis
1692 1431 1725 1463 in
1749 1430 1878 1473 collegio

1140 1484 1348 1518 servientibus
1372 1488 1402 1515 et
1438 1483 1692 1517 ministrantibus
1715 1484 1880 1517 inviolabi-

1140 1538 1212 1571 liter
1235 1535 1406 1576 observari,
1431 1546 1468 1568 ac
1496 1535 1581 1568 iuxta
1610 1537 1791 1569 eorumdem
1815 1537 1881 1570 dis-

1139 1588 1340 1632 spositionem
1364 1598 1382 1619 a
1397 1587 1560 1630 quibusvis
1575 1587 1744 1629 iudicibus,
1756 1588 1880 1621 sublata

1138 1642 1182 1675 eis
1206 1641 1314 1685 quavis
1338 1640 1427 1672 aliter
1444 1639 1605 1673 iudicandi
1622 1641 1779 1683 facultate,
1797 1641 1879 1674 iudi-

1138 1694 1203 1728 cari
1226 1699 1258 1727 et
1281 1692 1411 1725 diffiniri
1435 1692 1567 1733 debere3
1583 1697 1612 1725 et
1637 1693 1663 1726 si
1681 1703 1769 1727 secus
1785 1703 1880 1736 super

1140 1748 1189 1780 his
1212 1757 1229 1779 a
1253 1755 1423 1789 quoquam,
1441 1745 1550 1788 quavis
1566 1744 1763 1787 auctoritate,
1779 1745 1880 1779 scien-

1141 1806 1186 1833 ter
1216 1800 1263 1833 vel
1294 1799 1495 1841 ignoranter,
1524 1798 1672 1831 attentari
1699 1797 1877 1841 contigerit,

1140 1853 1265 1886 irritum
1289 1857 1317 1884 et
1344 1852 1437 1884 inane
1462 1851 1672 1884 decernimus

1181 1906 1196 1949 g
1219 1906 1247 1938 8.
1273 1906 1421 1938 Volumus
1451 1914 1575 1947 quoque
1610 1909 1644 1936 ut
1678 1904 1761 1937 idem
1785 1905 1877 1937 colle-

1139 1960 1225 2002 gium
1251 1968 1315 1990 non
1340 1961 1484 1989 teneatur
1500 1956 1541 1988 ad
1564 1957 1830 1999 praesentandum
1848 1963 1876 1990 et

1140 2010 1301 2053 registrari
1319 2008 1497 2041 faciendum
1511 2008 1569 2040 has
1582 2008 1700 2041 litteras
1710 2008 1741 2041 in
1752 2009 1881 2042 Camera

1140 2062 1326 2105 Apostolica,
1344 2065 1435 2103 prout
1453 2060 1681 2094 constitutione
1708 2062 1806 2096 felicis
1829 2073 1880 2096 re-

1140 2113 1332 2147 cordationis
1355 2113 1400 2146 Pii
1425 2113 1527 2156 Papae
1550 2113 1598 2154 lv,
1626 2115 1880 2157 praedecessoris

1142 2167 1251 2206 nostri,
1276 2171 1386 2199 octavo
1409 2166 1479 2199 idus
1503 2166 1641 2209 augusti,
1666 2177 1750 2199 anno
1772 2178 1803 2200 vt
1831 2167 1880 2201 sui

1142 2219 1342 2263 pontificatus
1373 2219 1473 2258 edita,
1504 2224 1632 2252 cautum
1665 2224 1726 2259 est;
1750 2219 1804 2252 sed
1826 2229 1881 2262 pe-

1142 2273 1231 2304 rinde
1249 2273 1363 2309 valere,
1380 2282 1415 2304 ac
1433 2272 1530 2304 robur
1546 2277 1577 2305 et
1594 2271 1776 2305 firmitatem
1790 2283 1880 2306 suam

1141 2324 1286 2357 obtinere
1303 2334 1339 2356 ac
1360 2324 1385 2356 si
1410 2329 1550 2366 tempore
1575 2325 1614 2357 ab
1637 2325 1706 2368 ipsa
1728 2325 1879 2358 constitu-

1141 2377 1224 2409 tione
1251 2377 1445 2419 praescripto
1469 2377 1501 2409 in
1517 2377 1628 2410 eadem
1645 2377 1773 2410 Camera
1789 2387 1880 2420 prae-

1141 2434 1280 2462 sentatae
1304 2440 1339 2461 ac
1364 2429 1548 2471 registratae
1572 2429 1711 2462 fuissent.

1185 2484 1199 2525 ξ
1222 2482 1252 2515 9.
1277 2483 1344 2515 Non
1376 2482 1575 2514 obstantibus
1598 2481 1878 2515 constitutionibus

1141 2541 1169 2568 et
1202 2535 1458 2568 ordinationibus
1487 2534 1683 2578 apostolicis,
1712 2544 1747 2566 ac
1777 2533 1879 2567 dictae

376 2593 402 2619 et
425 2588 483 2619 alia
509 2599 727 2632 quaecumque
753 2591 792 2623 ad
816 2590 941 2623 eosdem
968 2589 998 2621 in
1022 2590 1112 2622 colle·
1142 2589 1243 2627 Urbis,
1269 2589 1462 2627 iuramento,
1487 2587 1728 2620 confirmatione
1752 2593 1876 2630 aposto-

375 2641 427 2680 ,oio
444 2641 655 2673 admittendos
672 2643 829 2675 scholares
842 2642 1061 2676 retinendosve
1078 2653 1113 2675 ac
1142 2642 1200 2675 lica
1225 2642 1269 2674 vel
1301 2641 1409 2684 quavis
1441 2641 1589 2674 firmitate
1620 2640 1680 2673 alia
1711 2639 1878 2681 roboratis,

1917 1904 1969 1925 cont
1981 1910 1994 1924 ι

1888 1932 2004 1956 derogatio.
