2059 3228
141 234 192 260 Ans
209 234 226 259 ιἸ
257 235 321 261 1537
383 232 444 262 070

380 293 394 332 ξ
416 293 466 323 to.
489 292 795 324 Colunts‘nwraniltts
822 295 866 322 est
888 290 983 323 etiam
1011 289 1080 321 iure

166 344 255 366 ’Μ’-Μ·
336 343 457 385 optimo
479 343 642 375 Mauritius
661 343 707 375 vir
722 342 923 381 fortissimus,
944 341 1081 374 cuiusli-

335 396 411 427 lium
439 396 520 428 idem
543 395 726 438 Gregorius,
751 406 825 428 cum
846 395 951 427 adhuc.
971 395 1079 427 diaco-

335 458 396 480 nus
413 448 688 491 Constantinopoli
705 448 918 492 apostolieum
939 449 1079 489 legatum

333 507 453 541 ageret,
481 511 518 534 ex
546 511 637 534 sacro
666 501 818 545 Baptismi
849 501 934 534 fonte
954 500 1079 541 levavit;

335 560 446 596 postea
466 565 542 587 vero
566 554 710 587 Pontifex
733 555 846 594 sactus,
869 554 972 587 eidem
994 554 1080 586 Mau-

335 606 407 638 ritio
420 607 711 650 locupletissimum
723 607 850 651 pietatis
859 607 1079 640 testimonium

332 660 474 701 praebet,
495 660 571 693 dum
593 660 685 694 illum
710 660 743 693 in
767 661 833 693 suis
852 660 995 704 epistolis
1023 660 1080 693 ho-

333 712 451 744 minem
462 714 637 746 multarum
646 713 874 758 lacrymarum,
884 713 1079 752 orationum,

332 764 527 798 ieiuniorum
549 771 577 799 et
599 766 983 810 eleemosynarumsuisse
995 777 1080 799 com-

332 825 501 851 memorat.
532 818 623 852 Certe
657 820 908 863 de5Aposiolica
936 820 1017 853 Se‘de
1050 826 1080 852 et

329 871 477 905 universa
497 872 586 905 ltalia
607 873 735 916 egregie
757 880 804 906 est
824 874 970 913 meritus,
992 873 1080 917 quod

329 925 467 957 exercitu
505 932 712 970 comparato,
740 927 876 959 ducibus
902 926 934 959 in
958 926 1078 960 ltaliam

330 977 445 1017 missis,
461 978 658 1012 Francorum
669 979 795 1012 auxiliis
806 980 976 1019 advocatis,
990 980 1079 1013 omni

330 1030 470 1075 denique
490 1031 655 1075 diligentia
674 1032 827 1071 adhibita,
849 1033 1079 1076 Longobardo·

330 1094 402 1117 rum
425 1085 568 1118 l'urorem
579 1095 644 1118 non
655 1086 862 1119 mediocriter
876 1086 1076 1130 represserit.

375 1137 459 1180 §lh
479 1138 542 1171 Nec
563 1138 680 1171 minori
703 1139 818 1182 dignus
839 1144 886 1172 est
905 1139 1079 1183 praeconio

329 1189 452 1222 lecas
473 1191 659 1235 imperator,
686 1192 742 1234 qui
763 1202 837 1224 cum
855 1192 895 1225 de
919 1202 1008 1225 more
1023 1203 1078 1226 co-

329 1249 474 1283 naretur,
490 1255 523 1277 se
548 1244 726 1278 catholicae
747 1245 912 1287 religionis
934 1245 1081 1280 defenso-

330 1306 398 1329 rem
410 1303 601 1340 perpetuum
618 1297 763 1331 futurum
780 1299 978 1332 sanctissimo
996 1299 1080 1332 iure-

332 1350 468 1383 iurando
492 1350 672 1388 obstrinxit,
700 1357 731 1384 et
760 1362 919 1385 summam
949 1353 1078 1397 abipso

160 1186 233 1207 Phoci.

329 1401 455 1435 Christo
472 1403 607 1436 Domino
623 1403 785 1436 Romanae
805 1404 968 1438 Ecclesiae
984 1405 1089 1439 tradi-'

331 1462 395 1488 tam
415 1457 640 1490 auctoritatem
654 1464 684 1490 ct
704 1464 892 1501 potestatem
913 1461 1079 1503 praeclare

330 1507 529 1552 intelligens,
565 1510 694 1553 publire
731 1511 826 1544 edixit
866 1517 899 1544 ut
933 1512 1079 1545 eamdem

331 1569 471 1596 sanctam
494 1563 669 1597 Romanam
694 1564 882 1605 Ecclesiam,
915 1571 1078 1609 tamquam

331 1615 476 1648 omnium
486 1616 702 1650 Ecclesiarum
712 1618 849 1661 primam
862 1624 957 1661 atque
968 1627 1077 1664 caput,

331 1677 444 1701 omnes
463 1675 494 1702 ct
514 1676 724 1709 agnoscerent
739 1676 769 1703 et
790 1671 1033 1714 profiterentur.

376 1721 460 1764 gia.
484 1722 576 1755 llunc
596 1730 702 1756 autem
722 1724 934 1758 clarissimum
951 1733 1078 1760 coetum

335 1775 449 1808 merito
464 1776 582 1808 claudit
604 1777 749 1810 Eraclius
777 1779 948 1821 Augustus,
974 1780 1078 1813 novis-

334 1827 434 1860 simus
453 1839 566 1861 eorum
586 1839 668 1872 quos
689 1840 786 1874 supra
806 1832 1077 1874 enumeravimus,

334 1880 389 1923 qui
408 1887 643 1914 sacrosanctam
660 1893 790 1916 crucem
807 1883 895 1917 illam
911 1885 1024 1929 ipsam,
1047 1886 1079 1919 in

334 1944 398 1976 qua
422 1934 502 1968 vitae
525 1941 640 1968 auctor
665 1937 863 1980 pependerat
885 1945 915 1971 et
945 1947 1078 1973 mortem

335 1986 502 2021 moriendo
510 1996 724 2031 superaverat,
732 1990 976 2035 decimoquarto
985 2003 1080 2033 anno,

334 2045 503 2083 postquam
512 2041 682 2074 veneratin
699 2048 885 2086 potestatem
897 2044 1077 2085 Persarum,

337 2091 519 2125 felicissime
538 2093 671 2137 recepit.
689 2105 825 2138 eamque
845 2096 910 2129 suis
925 2097 1080 2137 tanneris,

334 2144 461 2178 abiecto
493 2145 700 2190 imperatorio
733 2149 868 2189 amictu,
900 2150 1081 2194 calceisque

335 2196 496 2238 detractis,
516 2198 548 2231 in
567 2199 671 2242 ipsum
693 2200 851 2234 Calvariae
872 2208 1026 2242 montem,
1049 2203 1080 2236 in

336 2249 490 2292 passionis
506 2251 623 2285 Christi
649 2255 851 2293 memoriam,
874 2266 988 2298 niagna
1008 2267 1080 2289 cum

337 2301 518 2336 humilitate
542 2306 726 2348 reportavit.

190 2395 193 2398 y
381 2355 395 2396 ἓ
418 2355 467 2388 13.
483 2356 545 2389 Nos
558 2357 664 2400 igitur,
682 2360 820 2403 aliquam
837 2364 1082 2403 augustissimae

144 2391 325 2451 ..2¹2⁰„i1'ssf'ss'ssss
338 2404 527 2437 eorumdem
536 2405 766 2448 imperatorum
779 2409 1082 2453 memoriaegratiam

146 2453 166 2468 ²⁸
211 2452 325 2468 ¹¹³⁰³¹¹¹¹⁸¹¹
339 2460 402 2483 non
414 2451 575 2486 immerito
586 2455 704 2488 referre
720 2457 897 2499 cupientes,
911 2459 1083 2492 carissimis

146 2477 169 2494 nd
179 2478 326 2501 unperatniem

145 2505 326 2554 {?,‚²{;'.L‘1.,¹0’‘‹'','{
342 2499 374 2531 in
393 2499 517 2533 Christo
542 2502 615 2536 liliis
640 2506 756 2537 nostris
784 2505 1000 2540 Romanorum
1022 2508 1083 2541 im-

145 2555 228 2603 ffiav:
250 2560 327 2599 ειιιινινιιιῖ
343 2549 479 2589 paraturi
498 2550 612 2588 eleeto,
630 2562 666 2584 ac
682 2554 809 2595 regilius
825 2561 853 2587 et
870 2556 994 2589 dilectis
1010 2556 1084 2589 filiis

147 2587 247 2627 anmi*
264 2613 318 2626 11111
343 2595 502 2629 noll-ilibus
519 2599 590 2630 xiiis
611 2600 821 2645 principibus,
840 2614 920 2652 quos
940 2605 973 2636 in
987 2604 1085 2638 visce-

180 1775 255 1803 Enelii
270 1776 319 1796 Αυ-

136 1804 200 1827 gasti.

935 236 1112 261 nrtmntt'M
1133 236 1282 259 ROMANI'M

1875 235 1930 265 An.
1943 235 1976 265 G.
1991 224 2030 266 ¹*-

1123 286 1212 320 rihus
1227 286 1342 320 Christi
1371 287 1511 329 gerimus
1527 313 1534 327 ,
1560 287 1718 331 quaedam
1748 298 1784 321 ex
1813 297 1865 320 su-

1123 340 1274 383 pradictis
1292 340 1400 373 aureis
1420 340 1680 381 numismatibus,
1704 341 1866 385 singulare

1124 392 1247 436 paterni
1277 393 1378 426 nostri
1399 392 1518 425 amoris
1537 403 1612 435 erga
1632 392 1718 436 ipsos
1735 394 1865 437 pignu8‚

1123 445 1280 485 misimus,
1296 452 1331 479 ut
1350 446 1387 479 ad
1405 445 1542 479 similem
1553 445 1679 478 virtutis
1695 451 1726 480 et
1735 447 1866 490 religio-

1122 498 1171 532 nis
1181 499 1309 532 laudem
1326 499 1513 538 excitentur,
1532 504 1568 531 et.
1579 509 1613 532 se
1629 498 1789 533 Ecclesiae
1803 499 1866 534 Ro·

1122 562 1235 585 manae
1270 552 1354 585 tilios
1413 552 1646 585 catholicorum
1683 552 1866 596 principum

1121 615 1322 638 successores
1351 612 1379 637 et
1410 605 1515 638 crucis
1543 604 1659 639 Christi
1684 604 1868 639 defensores

1121 667 1190 691 esse
1219 659 1364 691 crebrius
1393 658 1653 698 reminiscantur,
1683 663 1806 692 veteres
1834 657 1868 692 in

1121 710 1182 744 hoc
1215 711 1347 754 quidem
1375 717 1501 744 sanctos
1527 711 1698 745 Pontifices
1731 711 1867 755 praede·

1121 774 1265 798 cessores
1306 770 1431 798 nostros
1445 791 1453 805 ,
1487 764 1677 808 praesertim
1716 764 1866 798 eumdem

1106 811 1250 850 ¹Beatum
1286 818 1474 858 Gregorium
1500 818 1628 862 Papam,
1648 816 1776 857 imitati,
1809 816 1867 861 qui

1121 870 1250 913 regibus
1273 878 1303 904 et
1322 871 1523 916 principibus
1539 882 1576 904 ac
1605 871 1768 915 primariis
1790 869 1868 907 viris

1121 934 1233 957 aureas
1257 934 1369 958 cruces
1399 931 1430 957 et
1455 925 1558 958 claves
1589 925 1748 968 parvulas
1782 933 1866 968 quae

1121 977 1225 1010 claves
1244 977 1277 1010 B.
1301 978 1383 1010 Petri
1404 977 1607 1018 dicebantur,
1629 978 1757 1011 mittere
1789 987 1866 1011 con·

1119 1036 1297 1070 sueverant,
1313 1042 1474 1075 quaeque,
1496 1032 1580 1065 collo
1589 1041 1749 1075 appensae
1762 1037 1793 1064 et
1811 1041 1864 1063 re-

1120 1082 1230 1126 ligiose
1262 1090 1412 1127 gestatae,
1447 1084 1613 1118 miraculis
1637 1082 1868 1124 coruscabant:

1119 1137 1277 1180 quaedam
1301 1148 1376 1171 vero
1395 1138 1457 1171 alia
1485 1148 1522 1171 ex
1545 1138 1666 1172 eisdem
1686 1138 1865 1172 numisma-

1119 1189 1204 1223 tibus
1219 1189 1367 1224 dedimus
1385 1191 1621 1225 venerabilibus
1638 1192 1790 1226 fratribus
1802 1203 1869 1227 no-

1119 1243 1193 1276 stris
1212 1243 1243 1277 S.
1265 1243 1302 1276 R.
1324 1243 1360 1277 E.
1388 1244 1614 1286 cardinalibus,
1636 1245 1762 1289 reliqua
1789 1257 1864 1281 vero
1884 1269 1891 1275 -

1119 1297 1233 1330 eodem
1253 1297 1349 1331 modo
1378 1298 1439 1342 piis
1468 1304 1499 1332 et
1526 1299 1763 1342 praestantibus
1788 1300 1864 1334 viris

1119 1348 1182 1382 iam
1202 1349 1436 1384 distribuimus.

1164 1403 1179 1446 ἓ
1198 1403 1252 1436 14.
1275 1403 1313 1436 Ut
1332 1409 1439 1437 autem
1459 1405 1498 1437 ab
1509 1405 1660 1439 omnibus
1679 1410 1711 1439 et
1728 1406 1864 1450 singulis
1876 1405 2024 1466 affixa-’¹¹¹
2041 1409 2044 1444 ἑ

1120 1456 1402 1498 christifidelibus,
1432 1459 1550 1501 quibus
1581 1470 1600 1492 a
1627 1459 1721 1494 nobis
1747 1461 1864 1495 tradita
1876 1468 1964 1490 decom
1995 1468 1998 1495 ἶ
2022 1461 2043 1484 =⁴

1120 1509 1183 1543 iam
1208 1515 1292 1551 sunt,
1314 1510 1458 1545 devotius
1477 1523 1514 1545 ac
1538 1512 1721 1556 religiosius
1737 1518 1769 1547 et
1787 1524 1864 1548 cum
1877 1499 2000 1529 ⁰⁸¹⁶¹⁴⁰'‘·

1119 1563 1277 1606 spirituali
1297 1564 1479 1598 animarum
1494 1566 1602 1599 fructu
1621 1571 1798 1609 gestentur,
1810 1567 1873 1602 de·.

1120 1616 1290 1657 crevimus,
1300 1617 1341 1650 ad
1357 1617 1574 1652 sanctissimae
1589 1619 1695 1653 crucis
1705 1619 1872 1655 honorem,

1120 1677 1151 1702 et
1187 1669 1358 1712 gloriosam
1394 1671 1583 1705 memoriam
1607 1672 1874 1717 iniperatorum‚·

1120 1723 1231 1756 eadem
1262 1724 1457 1758 numismata
1487 1725 1671 1770 praecipuis
1698 1726 1807 1770 gratiis
1833 1731 1865 1761 et

1120 1776 1327 1820 indulgentiis
1356 1778 1562 1822 amplissimis
1593 1789 1631 1812 ex
1653 1785 1763 1814 nostra
1782 1790 1862 1825 apo-

1120 1829 1230 1863 stolica
1250 1830 1445 1875 benignitate
1464 1832 1632 1875 insignire.

1164 1883 1179 1927 ἓ
1202 1884 1256 1918 15.
1277 1882 1490 1924 Quamobrem
1510 1885 1549 1918 de
1569 1886 1799 1930 omnipotentis
1808 1886 1883 1933 Dei·
1986 1927 1988 1929 ,

1121 1936 1341 1976 misericordia
1377 1948 1414 1971 ac
1441 1938 1610 1971 beatorum
1643 1927 2040 1984 apostolorumtssk...‘.⁸..²³·

1121 1990 1189 2022 eius
1219 1991 1301 2023 Petri
1331 1997 1361 2024 et
1393 1991 1483 2024 Pauli
1515 1992 1705 2026 auctoritate
1737 1993 1863 2034 confisi,
1877 1993 1920 2018 Ν·-

1122 2044 1276 2076 universis
1287 2050 1317 2078 et
1328 2045 1462 2087 singulis
1472 2046 1733 2080 christifidelibus
1743 2047 1866 2081 utrius-

1121 2107 1182 2139 que
1203 2108 1306 2137 sexus,
1327 2099 1556 2142 quodcumque
1575 2110 1613 2132 ex
1627 2099 1677 2133 his
1687 2100 1866 2134 numisma-

1124 2151 1207 2183 tibus
1227 2161 1325 2194 penes
1337 2162 1370 2184 se
1390 2152 1598 2195 gestantibus,
1612 2153 1738 2196 quoties
1752 2164 1865 2187 eorum

1122 2204 1237 2248 aliquis
1256 2210 1328 2237 ante
1348 2205 1529 2238 salutiferae
1549 2207 1655 2240 crucis
1673 2206 1800 2250 signum
1811 2212 1868 2240 aut.

1123 2267 1244 2289 sacram
1269 2257 1409 2301 aliquam
1430 2258 1600 2302 imaginem
1630 2260 1866 2304 pertransiens,

1123 2315 1234 2353 operto
1255 2310 1370 2354 capite,
1388 2312 1623 2345 venerationem
1641 2312 1789 2346 tribuerit
1811 2318 1867 2346 aut

1123 2364 1348 2405 genuflexerit,
1373 2364 1556 2398 Orationem
1589 2366 1787 2399 Dominicam
1816 2367 1866 2400 vel

1124 2411 1355 2446 Salutationem
1388 2414 1571 2456 Angelicam
1597 2416 1863 2458 pronunciando,

1124 2461 1217 2494 toties
1241 2461 1268 2494 ei
1296 2468 1424 2495 centum
1450 2472 1550 2495 annos
1569 2470 1600 2496 et
1629 2463 1762 2497 totidem
1785 2474 1865 2507 qua-

1125 2509 1291 2552 dragenas.

1212 2558 1351 2601 Singulis
1368 2566 1474 2593 autem
1494 2560 1618 2600 diebus,
1635 2562 1661 2594 si
1678 2567 1727 2594 tcr
1743 2560 1866 2594 Oratio-

1125 2617 1197 2640 nem
1217 2608 1414 2642 Dominicam
1428 2608 1723 2653 Salutationemquc
1741 2609 1864 2653 Angeli-

1988 1565 2005 1619 3⁶.

1990 1619 2005 1652 ,⁴

1989 1690 1999 1715 ι

1993 1751 2004 1766 Ρ,

1992 1776 1997 1789 d

1998 1835 2003 1850 t

1990 1854 2006 1877 ,⁷9

1923 1896 1955 1918 G·

1982 1982 2003 2008 ’ὰ

1983 2017 2005 2064 ἲ

1988 2068 2003 2124 ἓ

1984 2126 2002 2166 ,3.

1986 2164 2002 2206 3

1980 2257 2004 2387 3

1968 3195 1994 3228 'J‘
