2059 3228
374 253 458 286 107ιῦ
946 259 1091 283 ΒυιιΑιηι
1116 259 1233 284 noma-1

415 311 610 355 generalem,
631 313 708 345 ibid.
728 313 757 349 b;
777 312 950 345 nonnullas
967 313 995 344 ei
1013 312 1161 345 concedit
1180 312 1361 354 facultates,
1380 313 1859 355 893a3constitutionemsuam

415 366 453 397 do
472 365 630 397 solvendis
647 364 800 397 oneribus
818 364 1092 397 monasteriorum
1110 364 1290 408 suspendit,
1309 366 1387 399 ibid.

327 418 481 452 Latrones
497 417 702 460 diripient-fs,
721 422 876 457 ementes,
899 422 1134 461 permutantes,
1153 419 1200 449 vel
1219 419 1465 460 quomodolibet.
1483 425 1685 462 receptantes
1701 428 1756 455 aut
1785 425 1861 457 reti-

417 476 529 502 nentes
549 470 701 503 animalia
718 471 765 503 vel
783 470 846 503 alia
861 469 946 503 bona
963 470 996 502 in
1016 470 1108 503 Statu
1126 470 1346 504 ecclesiastico
1364 469 1584 505 subiiciuntur
1598 476 1859 509 excommunica-

414 523 496 555 tioni
516 523 645 558 maiori,
665 523 798 556 Summo
816 522 964 556 Pontifici
984 529 1180 562 reservatae,
1200 523 1265 556 504
1281 535 1313 563 a;
1332 523 1488 568 episcopi,
1506 529 1562 557 etc.
1583 524 1691 559 Status
1710 528 1862 561 ecclesia-

412 575 484 608 stici
509 581 538 608 et
563 575 653 611 regni
676 576 828 619 Neapolis
846 587 881 608 ac
899 576 1036 609 ducatus
1053 575 1213 616 Etruriae,
1232 571 1398 619 Ferrariae
1417 582 1448 609 et
1464 577 1577 610 Urbini
1596 578 1764 621 publicent
1781 590 1859 613 con-

411 628 628 667 stitutionem,
649 627 726 661 ibid.
746 629 774 661 b.

325 680 452 713 Laui-eti
471 681 642 724 oppidum,
663 681 849 725 provinciae
866 681 1015 720 Picenae,
1034 681 1068 714 in
1085 681 1249 715 civitatem
1267 682 1550 725 erigitureiusque
1564 683 1745 716 ecclesiam
1755 685 1862 718 cathe-

414 733 549 773 dralem,
570 734 632 767 667
650 745 682 773 a3
702 734 859 767 dioecesis
875 735 1064 777 designatur
1080 745 1117 767 ac
1134 735 1192 767 dos
1208 734 1348 768 duorum
1363 735 1501 768 millium
1520 742 1687 769 scutorum
1705 747 1766 780 pro
1782 737 1863 770 Lau-

414 793 526 821 retano
544 799 698 833 episcopo
724 789 917 832 assignatur,
945 789 1022 822 ibat.
1043 790 1072 827 ὸς
1091 789 1265 831 dignitates
1282 789 1425 823 eiusdem
1445 791 1600 823 ecclesiae
1624 790 1688 824 668
1705 802 1737 832 a;
1756 802 1863 825 reser-

413 847 506 874 vatur
530 842 671 876 familiae
689 842 808 876 Peretti
825 843 864 876 de
881 843 988 875 Monte
1006 843 1077 875 Alto
1096 842 1339 886 iuspatronatus
1356 844 1584 887 praesentandi
1603 844 1864 889 archipresbyte-

417 904 503 933 rum,
522 894 601 927 ibid.
622 895 650 927 b.

327 944 435 978 Lazari
453 945 513 989 (S.)
530 947 815 991 Hierosolymitani
838 947 872 980 V.
892 947 1034 980 Mauritii
1052 947 1114 991 (S.)
1131 947 1282 991 martyris
1301 948 1431 982 militia.

321 995 491 1032 Licentiae
519 999 721 1043 ingrediendi
741 1000 937 1034 monasteria
954 1000 1148 1033 monialium
1166 1006 1197 1033 et
1213 1001 1357 1033 virorum
1376 1002 1611 1045 cuiuscumque
1628 1001 1770 1042 Ordinis,
1789 1002 1864 1046 qui-

407 1051 610 1096 buscumque
636 1053 828 1087 mulieribus
851 1064 1022 1087 concessae
1039 1060 1245 1094 revocantur,
1268 1053 1328 1087 113
1345 1055 1375 1094 b;
1394 1055 1453 1087 sub
1471 1065 1575 1098 poena
1593 1055 1856 1088 excommunic-a-

409 1104 508 1137 tionis
517 1116 644 1139 summo
656 1106 988 1150 p011tificireservata‚
1008 1107 1079 1150 ipso
1100 1107 1184 1139 sacto
1203 1107 1409 1147 incurrenda,
1429 1107 1493 1140 114
1508 1119 1539 1144 a:
1560 1107 1670 1140 addita
1697 1118 1757 1151 pro
1779 1107 1858 1141 reli-

405 1157 504 1200 giosis
520 1167 626 1202 poena
644 1159 835 1203 privationis
851 1159 1061 1203 dignitatum,
1080 1164 1154 1200 etc„
1173 1170 1301 1193 necnon
1319 1160 1544 1201 inhabilitatis,
1563 1161 1656 1201 ibat.;
1671 1161 1830 1204 prohibiti
1845 1172 1864 1195 o

405 1212 517 1245 utendi
550 1212 704 1253 licentiis,
733 1213 766 1245 in
784 1212 911 1247 casibus
928 1214 1120 1247 necessariis
1137 1214 1366 1254 concedendis,
1385 1215 1446 1247 nisi
1466 1214 1554 1258 ipsae
1571 1214 1780 1248 necessitates
1797 1223 1856 1248 ur*

405 1270 511 1307 geant,
539 1266 617 1298 ibid.
646 1267 680 1306 Ii:
714 1266 753 1299 ab
770 1266 859 1299 hisce
876 1266 1140 1300 ordinationibus
1156 1267 1293 1311 praelati
1312 1267 1502 1300 monialium
1520 1268 1717 1308 eximuntur,
1735 1273 1813 1311 quat
1825 1278 1860 1300 e-'

408 1329 468 1351 nus
484 1330 521 1352 ea
539 1320 664 1363 ingredi
684 1321 911 1354 tantummodo
928 1321 962 1354 in
979 1321 1108 1355 casibus
1123 1322 1315 1355 necessariis
1330 1323 1468 1359 valeant:
1488 1322 1768 1356 contravenientes
1782 1322 1863 1356 sub-

412 1371 572 1405 iiciuntur
592 1373 718 1417 poenis,
737 1373 802 1408 115
817 1385 839 1407 α
855 1378 912 1407 etc.

318 1423 376 1457 Liu
389 1435 445 1469 ina
457 1425 651 1459 Sanctorum
668 1427 899 1470 Apostolorum
916 1427 1003 1461 Petri
1021 1433 1052 1460 et
1067 1427 1159 1461 Pauli
1173 1428 1294 1461 Romae
1309 1427 1407 1461 certis
1419 1428 1619 1471 temporibus
1629 1428 1668 1460 ab
1682 1427 1860 1471 episcop-is,

407 1477 662 1522 archiepiscopis
693 1485 724 1512 et
745 1480 816 1512 aliis
833 1480 1045 1514 ecclesiarum
1062 1480 1258 1524 primatibus
1273 1480 1433 1513 visitanda
1449 1480 1595 1514 decernit
1611 1479 1719 1513 Sixtus
1735 1480 1770 1520 V,
1790 1479 1854 1513 641

405 1529 423 1562 b
440 1536 472 1563 et
487 1539 564 1574 seq.;
584 1542 696 1564 omnes
713 1533 851 1575 praelati
868 1533 1082 1577 promovendi
1099 1539 1155 1567 aut
1172 1533 1387 1567 transferendi
1405 1532 1588 1566 iuramento
1606 1543 1638 1566 se
1649 1532 1864 1575 obstringent

406 1593 443 1615 ea
459 1584 588 1617 statutis
606 1585 808 1628 temporibus
821 1585 961 1626 visitare,
978 1586 1150 1630 pastoralis
1167 1586 1266 1619 officii
1284 1586 1445 1620 rationem
1462 1586 1635 1625 reddituri,
1653 1585 1717 1619 643
1732 1596 1766 1625 ας
1780 1585 1862 1628 legi-

406 1635 484 1668 time
502 1636 651 1680 impediti
665 1648 722 1681 per
731 1643 856 1672 certum
870 1639 1029 1672 nuncium
1041 1640 1122 1673 haec
1132 1639 1344 1683 adimpleant,
1357 1640 1434 1673 ibid.
1444 1640 1473 1680 b;
1484 1638 1651 1683 principes
1660 1638 1856 1682 temporales

401 1688 564 1729 hortatur,
579 1696 615 1723 ut
633 1701 733 1734 opera
749 1692 896 1736 ipsorum
913 1692 1145 1737 episcoporum
1162 1697 1218 1726 aut
1230 1693 1371 1726 aliorum
1384 1703 1403 1726 a
1421 1692 1502 1726 Sede
1529 1691 1717 1736 Apostolica
1735 1692 1857 1725 auxilia

397 1747 432 1774 et
461 1742 605 1776 subsidia
622 1749 746 1787 petant,
762 1745 858 1784 ibid.;
874 1751 1003 1790 tempus
1014 1745 1168 1790 praefinit
1183 1746 1336 1779 omnibus
1353 1745 1506 1790 praelatis
1519 1744 1558 1778 ad
1574 1744 1770 1788 explendum
1789 1744 1860 1778 hoc

397 1794 592 1829 visitationis
611 1797 757 1830 officium
771 1824 779 1838 ‚
797 1798 862 1832 644
888 1809 920 1839 a;
949 1799 1170 1833 obedientiam
1198 1799 1244 1833 eis
1261 1800 1424 1840 inculcat,
1447 1798 1710 1832 inobedientibus
1726 1808 1848 1842 poenas

399 1847 550 1891 imponit,
571 1850 649 1882 ibid.
669 1851 698 1883 b.

310 1898 461 1934 Livoniae
483 1902 651 1944 provincia
677 1904 709 1936 in
738 1914 838 1947 regno
865 1903 1031 1945 Poloniae,
1057 1905 1097 1938 ab
1114 1905 1355 1939 haereticorum
1373 1905 1522 1938 manibus
1539 1904 1723 1937 vindicatur
1739 1914 1757 1936 a
1775 1903 1795 1936 S
1807 1909 1842 1936 te

398 1954 506 1997 phano
524 1965 609 1997 rege,
627 1955 691 1990 568
709 1957 737 1989 b.

309 2004 515 2040 Lovaniensis
531 2007 755 2042 Universstafis
770 2009 876 2043 Studii
892 2010 1053 2053 generalis
1061 2011 1233 2055 privilegia
1244 2022 1260 2043 a
1273 2010 1360 2044 Sixto
1371 2011 1419 2048 lv,
1439 2021 1457 2042 a
1472 2010 1577 2042 Leone
1594 2009 1620 2041 X
1637 2008 1725 2042 circa
1737 2019 1845 2042 noun-

396 2059 546 2093 nationes
575 2067 608 2094 et
638 2061 815 2096 electiones
838 2063 879 2096 ad
894 2063 1053 2096 beneficia
1069 2064 1190 2097 rectori
1207 2065 1254 2097 vel
1273 2064 1407 2103 decano,
1426 2067 1483 2096 etc.
1507 2072 1671 2101 concessa,
1691 2061 1755 2095 506
1771 2071 1792 2094 a
1812 2059 1851 2094 ct

395 2122 457 2155 seq.
478 2113 625 2156 provisio
638 2114 672 2147 in
689 2114 972 2149 nominationibus
987 2116 1276 2150 baccalaureorum
1291 2117 1338 2149 vel
1351 2108 1580 2159 magistrorum
1592 2114 1726 2153 artium,
1736 2112 1800 2147 108
1810 2124 1844 2152 αῖ,

396 2164 628 2208 dispositiones
657 2167 745 2201 circa
774 2168 990 2212 expectativas
1006 2174 1039 2202 et
1065 2169 1222 2213 speciales
1250 2169 1496 2208 reservationes,
1526 2167 1590 2201 509
1617 2178 1654 2207 a;
1686 2165 1841 2200 Hadriani

395 2216 432 2248 VI
460 2218 631 2261 privilegia
658 2225 690 2252 et
717 2221 942 2254 concessiones
959 2248 967 2262 ‚
999 2219 1062 2255 5110
1089 2232 1110 2254 α
1124 2233 1132 2262 ;
1162 2222 1338 2264 assignatio
1365 2231 1492 2254 annuae
1525 2219 1692 2264 pensionis
1719 2218 1842 2251 artium

396 2270 569 2312 magistris,
601 2271 661 2305 511
693 2273 722 2313 b3
741 2273 799 2317 qui
815 2274 856 2307 ad
873 2273 1032 2308 iudicium
1050 2280 1140 2307 extra
1155 2274 1403 2307 Universitatem
1421 2273 1505 2307 trahi
1523 2278 1704 2316 nequeunt,
1729 2270 1792 2305 512
1807 2281 1839 2309 m

395 2323 600 2358 confirmatio
611 2331 644 2358 et
659 2325 824 2369 ampliatio
834 2326 997 2360 dictorum
1011 2326 1269 2371 privilegiorum,
1285 2326 1349 2361 513
1358 2328 1388 2367 b;
1405 2326 1567 2360 cessiones
1576 2324 1841 2360 nominationum

394 2381 555 2416 vetantur,
567 2383 597 2410 e!
611 2378 772 2411 nominati
789 2379 830 2411 ad
846 2379 1004 2413 beneficia
1028 2385 1140 2413 curata
1156 2378 1195 2413 ab
1223 2380 1398 2413 ordinariis
1414 2380 1561 2413 locorum
1583 2377 1758 2422 approbari
1783 2376 1840 2410 de-v

391 2428 480 2469 bent,
498 2428 564 2462 514
575 2441 604 2463 α.
616 2450 658 2455 ——
685 2432 717 2464 V.
739 2432 987 2466 Nominationes
1003 2432 1043 2466 ad
1059 2433 1229 2466 beneficia.

1059 2517 1088 2550 M

309 2581 338 2614 M
348 2583 498 2621 »ealoitae
515 2585 762 2627 constitutionis
775 2586 810 2620 in
825 2587 995 2631 provincia
1009 2587 1243 2622 Romandiolae
1254 2588 1374 2622 abusus
1383 2588 1610 2622 examinantur
1625 2590 1659 2620 et
1674 2585 1843 2627 com-igun-

398 2642 461 2676 tur‚
488 2636 552 2670 917
576 2648 612 2678 a;
633 2638 863 2683 abrogatis-que
880 2641 1032 2675 omnibus
1049 2640 1223 2676 contrariis
1242 2641 1423 2686 quidquam
1441 2646 1554 2674 contra
1571 2637 1840 2674 constitutionem
