2059 3228
752 239 845 263 INIiEx
871 239 1069 264 nt'nnlmnttxt

1555 234 1635 268 1083

232 299 316 321 marn
338 294 368 323 et
387 289 573 333 qualitatem
594 291 787 325 novitiorum
810 293 890 327 reci·
932 294 1035 327 XXIX.
1064 294 1240 328 Ilo-clarano
1274 306 1372 340 super
1391 297 1580 330 executione
1605 298 1679 330 lire-

232 342 422 384 piendorum
448 347 520 381 eta,
539 342 592 377 58.

121 399 125 402 ”
144 393 248 427 XXIII.
272 395 389 428 Statuit
403 395 488 439 quod
509 397 549 428 de
569 403 676 429 cetero
697 398 888 432 nominatio-

233 459 290 481 nes
309 449 348 481 ad
368 448 525 482 beneficia
543 450 588 481 rel
614 451 717 483 <iniria
739 453 889 485 ecclesia-

230 501 310 535 stica
330 512 388 545 per
407 502 578 535 collatores
590 502 805 537 I'nixeisitatis
818 506 889 537 Stu-

231 554 274 587 dii
291 554 448 597 generalis
467 555 683 593 Loxaniensis,
710 557 817 597 vigore
834 558 887 590 lit-

232 613 374 640 terarum
394 607 471 640 Sixti
493 608 526 641 IV
546 609 720 649 faciendae,
744 622 825 653 quae
840 612 887 643 in-

231 660 392 693 timandae
412 667 501 693 erant
531 661 715 702 ordinariis,
738 663 888 696 intimen—

230 718 284 746 tur
297 724 355 756 per
366 714 547 746 affixionem
561 715 599 747 ad
615 716 718 748 valvas
730 717 887 756 locorum,

231 766 285 799 ubi
307 766 365 810 ipsi
387 767 558 800 collatores
583 769 735 805 resident:
751 775 780 802 et.
800 770 889 802 resti-

229 820 289 852 tuit
309 820 378 853 eius
395 820 560 863 privilegia
580 820 611 852 in
632 821 816 864 pristinum,
830 823 887 855 ad-

229 883 338 905 versus
352 879 573 916 quascumque
585 875 816 914 revocationes,
831 876 849 907 Γ»
859 876 866 908 I
877 902 883 908 .

141 924 244 958 XXIV.
272 926 443 968 Gregorius
472 927 557 969 Papa
576 927 641 959 XIII
671 929 810 961 restituit
830 940 885 969 ge-

227 979 330 1012 nerali
347 985 375 1012 et
402 979 617 1012 visitatoribus
637 981 781 1013 omnium
796 993 886 1024 prae-

228 1032 367 1066 latorum
395 1032 599 1074 electionem;
621 1039 769 1075 quai-tum
800 1035 887 1067 addit

229 1085 448 1122 visitatorem;
479 1086 657 1128 capitulum
682 1088 831 1128 generale
855 1094 886 1121 et

229 1139 337 1172 omnia
349 1138 454 1171 officia
468 1138 636 1171 triennalia
649 1140 802 1179 declarat,
817 1147 887 1184 post

230 1191 404 1224 triennium
435 1191 474 1224 ad
497 1191 574 1223 alias
610 1193 806 1234 praelaturas
836 1205 886 1226 as-

229 1245 326 1286 sumi,
348 1256 413 1278 non
442 1250 549 1277 autem
576 1245 608 1277 in
628 1246 746 1279 eisdem
768 1248 885 1279 contir-

229 1299 310 1332 mari
327 1309 420 1343 posse
441 1298 595 1337 decernit;
622 1306 814 1342 procurator
836 1312 887 1344 ge-

228 1352 348 1386 neralis
366 1358 402 1384 ut
422 1352 559 1394 eligatur
583 1352 669 1384 iuxta
690 1353 788 1386 ritum
809 1354 887 1387 alio-

231 1415 304 1438 rum
328 1406 545 1448 praelatorum
578 1417 613 1437 ac
635 1405 665 1437 in
682 1406 788 1439 officio
809 1417 886 1439 con-

229 1458 351 1491 firmari
370 1459 482 1497 valeat,
501 1458 635 1500 benigne
652 1459 811 1497 concedit,
830 1460 883 1492 (32.

139 1511 230 1544 XXV.
253 1512 367 1544 Forma
391 1511 587 1544 observanda
607 1512 638 1544 in
664 1513 819 1545 electione
830 1514 885 1546 ab-

229 1565 420 1598 batissarum
459 1565 727 1599 monasteriorum
762 1567 885 1599 monia-

229 1619 307 1652 lium
333 1619 588 1661 congreg-ationis
613 1619 808 1653 Cassinensis·
827 1621 885 1653 Oi·-

228 1672 313 1705 dinis
325 1673 355 1706 S.
374 1672 548 1708 Benedicti,
567 1673 619 1704 uli.

139 1724 242 1758 XXVI.
269 1725 430 1758 Innovatio
459 1726 724 1758 constitutionum
752 1726 885 1768 Eugenii

227 1778 263 1811 lv
296 1778 382 1812 circa
408 1784 595 1822 potestatem
625 1778 831 1811 definitorum
857 1785 885 1811 et

225 1830 426 1864 visitatorum
447 1832 702 1873 congregationis
717 1831 885 1864 Cassinen-

227 1884 280 1924 sis,
314 1885 393 1917 alias
425 1884 557 1917 Sanctae
585 1884 722 1917 Iustinae
739 1911 746 1925 ‚
774 1895 885 1917 inona-

229 1937 364 1970 cliorum
381 1938 509 1971 Ordinis
524 1938 555 1970 S.
574 1937 748 1977 Benedicti;
766 1944 796 1970 ct
810 1949 885 1982 pro-

226 1990 341 2023 hibitio
351 1991 623 2023 ambitusneenon
635 1990 859 2033 appellationis
869 2001 886 2022 a

227 2044 378 2087 praelatis
389 2045 532 2078 eiusdem
545 2043 815 2086 congregationis,
830 2044 882 2077 titi.

138 2097 256 2130 XXVII.
266 2097 489 2130 Ordinationes
501 2097 585 2129 circa
594 2096 783 2129 electionem
795 2107 887 2140 prae-

227 2150 322 2194 positi
353 2150 513 2193 generalis
537 2155 567 2182 et
596 2149 733 2181 aliorum
764 2149 886 2192 praela-

226 2209 334 2237 torum
350 2203 634 2246 congregationum
651 2202 885 2235 monachorum

225 2256 439 2290 Eremitarum
482 2256 590 2289 Sancti
629 2255 812 2299 Hieronymi
847 2256 885 2287 de

1018 347 1103 380 vium
1130 359 1185 381 seu
1218 349 1395 382 litterarum
1426 351 1678 393 a1‘iostoliearurn

1017 400 1055 433 de
1067 401 1222 444 rapienda
1235 403 1434 445 possessione
1445 404 1678 437 beneficiorum

1017 454 1400 491 ecclesiasticorum,rum
1415 457 1680 500 interpretatione

1017 507 1145 539 concilii
1172 507 1369 548 Tridentini,
1406 509 1546 542 sessione
1584 520 1676 550 xxiv,

1015 558 1157 601 capitulo
1181 570 1231 599 xx,
1254 560 1306 592 82.

930 609 1020 642 XXX.
1037 611 1218 645 Iurisdietio
1232 619 1258 644 et
1275 613 1442 646 liicultatcs
1456 614 1486 647 S.
1504 615 1539 647 tt.
1560 615 1592 647 Ε.
1608 626 1676 647 ‹far-

1015 663 1171 697 diualiuin
1202 671 1419 708 l‘irotectoruiu
1446 668 1572 709 collegii
1599 668 1674 701 Ger-

1017 717 1132 750 manici
1152 718 1182 751 in
1210 719 1303 758 Urbe,
1329 720 1381 752 85.

930 769 1031 802 XXXI.
1049 770 1228 804 lui-Isdictio
1245 772 1472 815 inquisitorum
1495 774 1675 808 haereticae

1017 823 1177 866 pravitatis
1205 824 1236 857 in
1269 836 1323 858 eos
1357 826 1424 868 qui,
1462 828 1500 859 ad
1527 828 1673 861 ordinem

1016 876 1252 921 presbyteratus
1277 878 1409 912 mininie
1425 881 1576 923 promoti,
1600 882 1675 914 iuis-

1015 940 1065 961 sas
1085 930 1248 963 celebrant
1271 937 1302 963 et
1333 933 1547 974 poenitentiae
1567 946 1674 967 sacra-

1016 988 1159 1027 mentum
1178 983 1374 1022 ministrant,
1401 986 1454 1018 86.

928 1033 1046 1067 XXXII.
1078 1035 1286 1069 Confirmatio
1310 1043 1339 1070 et
1366 1038 1526 1072 innovatio
1554 1041 1674 1073 consti-

1015 1088 1174 1121 tutionum
1185 1089 1404 1123 Romanorum
1417 1091 1620 1133 Pontificum,
1634 1104 1673 1126 ne

1015 1142 1158 1175 alumina
1170 1142 1349 1176 infidelium
1366 1145 1405 1176 ad
1422 1145 1673 1180 christianorum

1014 1200 1121 1237 partes
1137 1196 1365 1239 importentur,
1392 1197 1444 1230 87.

928 1247 1059 1280 XXXIII.
1085 1247 1129 1280 De
1148 1249 1303 1282 aedificIIs
1322 1256 1353 1283 et
1379 1250 1448 1283 iure
1466 1253 1614 1294 congrui,
1636 1264 1674 1286 ac

1015 1301 1237 1335 iurisdictione
1257 1309 1287 1336 et
1298 1303 1506 1337 facultatibus
1525 1305 1555 1338 S.
1579 1305 1614 1338 R.
1635 1307 1670 1339 E.

1015 1355 1184 1388 camerarii
1216 1361 1247 1388 et
1284 1357 1512 1399 magistrorum
1548 1358 1670 1391 viarum

1014 1407 1118 1449 Urbis,
1139 1407 1192 1442 88.

927 1461 1056 1493 XXXIV.
1068 1460 1262 1494 Conceditur
1270 1462 1402 1495 facultas
1413 1463 1574 1507 deputatis
1585 1464 1673 1507 prin-

1013 1513 1136 1557 cipatus
1148 1514 1342 1555 Cataloniac,
1365 1526 1451 1549 nunc
1472 1521 1502 1548 et
1521 1527 1581 1559 pro
1595 1524 1673 1549 tem-

1013 1577 1092 1609 pore
1107 1567 1327 1608 existentibus,
1346 1569 1547 1613 percipiendi
1568 1570 1673 1602 distri-

1014 1619 1377 1663 butionesquotidianas
1398 1622 1429 1654 in
1449 1622 1603 1662 absentia,
1617 1623 1669 1656 95.

928 1673 1042 1705 XXXV.
1066 1673 1103 1706 Ut
1123 1673 1268 1716 deputati
1293 1685 1380 1707 nunc
1399 1681 1429 1707 et
1447 1686 1505 1718 pro
1525 1682 1672 1719 tempore

1013 1726 1181 1759 existentes
1206 1726 1407 1771 principatus
1435 1728 1617 1761 Cataloniae
1638 1740 1671 1761 se

1013 1778 1195 1812 immiscere
1205 1780 1325 1823 possint
1336 1780 1367 1812 in
1376 1780 1669 1819 criminantium&

1013 1883 1068 1917 siis
1106 1895 1278 1927 regnorum
1314 1885 1541 1928 Hispaniarum
1577 1886 1674 1919 inser-

1012 1937 1144 1978 vientes,
1163 1938 1288 1971 etiamsi
1310 1939 1396 1971 iuxta
1413 1949 1530 1972 novum
1547 1939 1675 1972 missale

1013 1996 1043 2023 et
1074 1990 1270 2024 breviarium
1300 1991 1412 2024 missas
1436 1997 1467 2024 et
1486 1992 1547 2024 alia
1567 1992 1674 2024 divina

1014 2043 1119 2076 officia
1139 2044 1383 2083 celebraverint,
1411 2045 1534 2077 fructus
1559 2051 1589 2078 et
1608 2046 1674 2078 dis-

1013 2096 1205 2130 tributiones
1223 2097 1427 2139 quotidianas
1448 2108 1506 2141 pro
1531 2098 1674 2131 celebra-

1013 2149 1102 2182 tione
1139 2149 1279 2182 alicuius
1309 2150 1458 2193 specialis
1495 2150 1676 2184 festivitatis

1014 2202 1142 2235 reIiCtas
1157 2203 1277 2235 lucrari
1297 2203 1434 2241 valeant,
1449 2214 1522 2235 cum
1543 2203 1676 2237 diversis

1014 2255 1084 2288 aliis
1104 2255 1374 2295 ordinationibus,
1402 2256 1474 2290 IOO.

225 2308 444 2349 Observantia,
467 2320 647 2352 eorumque
667 2309 770 2341 studia
794 2314 887 2341 etac-
929 2307 1072 2340 XXXVII.
1095 2308 1300 2351 Privilegium
1323 2309 1492 2342 doctorum
1514 2310 1675 2343 Romano-

227 2371 335 2395 cessus
353 2363 394 2395 ad
414 2363 546 2402 Urbem,
567 2362 620 2394 60.

137 2408 267 2442 XXVIII.
284 2410 492 2443 Confirmatio
502 2416 532 2443 et
544 2409 685 2442 extensio
696 2410 882 2452 gratiarum,

232 2458 474 2501 privilegiorum
496 2465 526 2491 et
543 2458 742 2491 indultorum
758 2458 887 2491 Ordinis

1016 2371 1088 2393 rum
1109 2361 1238 2404 publice
1259 2361 1385 2404 legendi
1416 2361 1448 2394 in
1469 2373 1676 2406 quacumque

1015 2409 1166 2442 facultate
1191 2409 1224 2441 in
1257 2410 1399 2452 generali
1429 2410 1542 2444 Studio
1572 2412 1675 2444 almae

1015 2457 1120 2497 Urbis,
1140 2457 1216 2490 ⁴102.

225 2507 445 2540 cisterciensis
475 2507 710 2540 monachorum
731 2507 761 2539 S.
789 2507 888 2540 Bene-
927 2505 1086 2538 XXXVIII.
1118 2506 1243 2539 Erectio
1270 2507 1424 2540 ecclesiae
1448 2507 1620 2551 Burgensis
1644 2509 1676 2542 in

227 2556 316 2595 dicti,
337 2565 500 2599 novaeque
521 2555 740 2589 ordinationes
760 2566 818 2599 pro
845 2557 887 2589 se-

226 2604 330 2638 liciori
350 2604 418 2638 eius
438 2604 606 2648 regimine,
632 2604 683 2638 73.

1018 2555 1313 2598 metropolitanam,
1336 2556 1411 2590 103.

929 2600 1061 2637 XXXIX.
1096 2603 1305 2639 Confirmatio
1332 2611 1363 2638 et
1391 2606 1532 2640 extensio
1558 2608 1679 2641 consti-
