2059 3228
93 235 159 264 tm.
174 233 203 262 C.
223 233 288 262 158t⁵

134 353 164 373 Aa
189 352 288 378 gencrale

106 390 166 404 conc.
195 383 254 407 tamt.
280 390 289 402 n

105 414 194 440 Gregor,
207 414 221 434 Χ
231 421 288 434 iot-a-

107 449 139 465 ius
155 450 175 466 et
187 446 289 466 humani<-

106 477 158 497 sime
188 480 288 503 cxvi-ptus

105 506 151 527 tuit.

246 1458 247 1461 ’
294 1458 358 1486 tate
383 1458 414 1485 et
434 1452 625 1485 auctoritate
644 1450 773 1484 concilii
793 1450 888 1483 rebus
908 1460 973 1482 non
993 1460 1045 1482 so-

123 1786 280 1812 &manansque

98 1820 238 1843 aepiscopus
249 1816 281 1836 At-

97 1847 145 1868 hen.
161 1847 186 1867 ab
207 1848 281 1868 eodem

98 1878 200 1900 Psutissce
252 1879 281 1899 ibi

97 1913 181 1931 erutus
195 1909 243 1932 init.

894 223 1073 249 numentum
1092 223 1241 249 Romnum

1094 276 1169 311 tudo
1194 281 1360 321 tantopere
1380 278 1489 312 adiuta
1507 285 1563 320 est,
1582 285 1617 314 ut
1636 281 1761 316 sublato
1779 293 1837 327 per

1092 328 1146 362 Dei
1167 329 1423 364 misericordiam
1437 331 1616 366 schismatis
1627 334 1769 375 dissidio,
1781 336 1836 368 Mt-

1092 382 1183 415 chael
1203 382 1412 426 palaeologus
1442 385 1636 418 Graecorum
1662 387 1836 431 imperator

348 226 430 259 1008

347 289 370 330 ξ-
385 288 415 319 ὓ.
443 284 602 320 Ceterum,
625 291 698 313 eum
719 277 891 321 Gregorius
916 277 940 309 X
963 277 1053 310 Sum—

304 351 374 372 mus
395 337 548 373 Pontifex,
571 334 612 367 ob
631 331 835 375 gravissimas
859 330 1051 363 christianae

304 391 501 435 reipublicae
540 396 653 420 causas
690 384 867 418 concilium
902 383 1051 426 generale

303 445 493 487 Lugdunum
515 440 692 478 indixisset,
708 438 857 480 virosque
873 437 1050 475 sanctitate,
1090 434 1328 479 orientalesque
1348 437 1493 470 nationes
1512 438 1552 470 ad
1571 438 1772 482 Apostolieae
1783 441 1835 475 Se-

302 497 450 530 doctrina
463 500 490 527 ct
503 492 661 537 sapientia
670 495 870 535 praestantes
881 489 1049 533 perquire·
1090 488 1138 521 dis
1149 488 1376 530 obedientiam,
1387 490 1543 523 unitatem
1555 492 1834 526 communionem-

303 556 362 590 ret,
385 558 524 593 quorum
546 546 620 579 sorti
645 551 676 578 et
702 544 789 577 fideli
815 552 914 587 opera
939 543 978 575 ad
1004 542 1048 575 rei
1068 538 1071 585 ἶ
1089 552 1152 585 que
1172 541 1338 581 redierint,
1361 553 1397 575 ac.
1416 543 1556 587 denique
1576 544 1692 587 dignus
1708 545 1836 579 habitus

302 603 457 636 maximae
479 599 704 633 tractationem
735 603 833 640 atque
864 596 1050 640 explicatio·
1068 601 1070 617 ³
1089 600 1145 635 est,
1165 605 1262 638 quem
1283 594 1397 629 Graeci
1415 596 1703 640 Eutychiinomine
1723 599 1834 642 appel-

302 666 374 688 ne=n
401 660 557 692 uteretur,
585 653 650 685 (luo
682 652 715 684 in
736 650 850 694 primis
870 649 1069 691 clarissimaff

300 708 386 741 iilius
407 706 519 740 aetatis
539 705 662 739 lumina
682 715 699 737 e
719 704 846 737 duobus
865 702 1049 736 florentissi-

300 762 359 794 mis
390 760 564 794 Ordinibus
594 758 858 791 Praedicatorum
887 761 918 789 et
947 755 1048 788 Mino-

299 825 370 847 rum
391 813 520 855 delegit,
548 818 675 845 sanctos
700 811 855 844 Thomam
885 815 916 842 et
942 808 1045 842 Bona-

299 873 477 906 venturam,
500 876 581 909 quos
600 865 639 897 ad
660 875 693 897 se
713 863 759 896 ire
776 863 879 895 iussit.
897 862 958 895 Sed
972 864 1061 902 cum}

299 922 380 954 alter
399 921 432 952 in
464 920 533 964 ipso
554 919 669 951 itinere
689 917 721 950 in
744 917 894 950 morbum
916 908 1061 980 incidis-i

297 980 356 1011 sot,
385 980 482 1017 atque
509 973 549 1005 ad
577 972 698 1015 gloriae
729 980 883 1003 coronam
910 969 1047 1002 feliciter

298 1028 464 1067 evolasset,
487 1026 517 1060 S.
534 1026 757 1059 Bonaventura
767 1024 960 1066 Lugdunum
974 1033 1045 1066 pro·
1059 1047 1061 1049 >

1088 648 1203 681 larent.

1130 702 1145 743 ,ξ
1170 698 1202 735 8.
1229 702 1340 735 Merito
1365 702 1474 745 igitur,
1497 713 1570 736 cum
1593 704 1690 747 paulo
1710 710 1782 747 post
1801 705 1833 738 in

1087 754 1201 787 eodem
1223 755 1360 789 concilio
1380 756 1574 789 fortissimus
1586 756 1703 790 Christi
1714 758 1833 791 athleta

1086 818 1123 840 ex
1135 807 1233 841 huius
1245 808 1325 842 vitae
1336 808 1596 853 peregrinatione
1607 809 1648 842 ad
1662 810 1831 844 coelestem

1085 861 1221 904 patriam
1242 862 1441 905 emigrasset,
1474 872 1587 895 omnes
1606 862 1675 896 eius
1695 869 1829 897 mortem

1086 913 1271 953 doluerunt,
1304 925 1416 947 omnes
1441 925 1648 948 communem
1674 916 1830 950 iacturam

1085 967 1306 1010 deplorarunt,
1324 978 1436 1001 omnes
1457 968 1542 1001 illius
1567 969 1664 1002 funus
1683 969 1832 1014 lacrymis

1085 1026 1116 1053 et
1136 1021 1288 1054 laudibus
1307 1026 1474 1061 ornarunt,
1504 1022 1559 1054 sed
1590 1033 1672 1055 unus
1705 1028 1833 1066 praeter

1874 716 1898 738 82
1912 721 1960 744 post
1967 718 2014 740 mati
2029 717 2031 726 ⁴

1847 748 1894 768 eins
1918 750 2014 776 praeclar

1848 781 1907 804 gesta
1929 779 1949 800 in
1965 781 2015 802 rel)-

1846 809 1930 831 conenit
1946 813 1968 831 et
1981 811 2019 833 tide

1846 842 1985 866 augmentum
1994 847 2019 863 ea

1846 872 1892 892 den·
1937 873 2013 894 concili

1845 902 1947 929 decessit,
1968 906 1990 924 et
2001 909 2014 925 ι

1845 933 1964 955 coelestem
1988 940 2013 962 pa

1846 963 1906 984 triam
1921 961 2032 990 migrarit,

1846 998 1868 1015 et.
1882 995 1928 1015 eius
1936 996 2012 1020 mii-aen

1846 1027 1912 1047 lorum
1921 1026 1974 1047 tama
1982 1031 2017 1054 pet

1846 1057 1935 1079 crebuit.
1954 1085 1957 1090 .

296 1082 412 1118 fectus,
439 1079 672 1113 humanissime
692 1083 846 1121 exceptus
865 1082 913 1110 est
941 1088 959 1109 a
986 1064 1064 1131 Ro-{
1084 1079 1220 1114 ceteros,
1237 1074 1295 1106 viri
1316 1074 1615 1108 sanctissimivitam
1626 1076 1832 1119 integerrime

296 1144 393 1167 mano
412 1134 567 1166 Pontifice
587 1131 753 1175 Gregorio,
775 1130 829 1173 qui
854 1130 887 1162 in
907 1130 975 1163 eius
986 1130 1047 1162 vir·
1083 1132 1200 1166 actam,
1220 1138 1326 1161 mores
1351 1127 1605 1171 probatissimos,
1627 1129 1833 1173 laboresper-

294 1192 361 1220 tute
382 1193 414 1220 et
433 1186 590 1230 sapientia
610 1185 652 1218 ita
668 1184 906 1227 acquiescebat,
919 1188 954 1216 ut
971 1194 1045 1216 con·
1084 1181 1204 1213 multos
1219 1191 1278 1223 pro
1294 1181 1435 1214 Ecclesia
1452 1186 1629 1225 susceptos,
1651 1182 1846 1216 doctrinam,

295 1240 459 1273 ciliirecte
477 1238 636 1282 dirigendi
658 1243 689 1271 et
708 1236 957 1270 administrandi
973 1247 1046 1280 par—
1064 1233 1115 1268 :¹in
1145 1233 1201 1266 illo
1235 1234 1305 1277 ipso
1334 1234 1472 1268 coneilio
1506 1240 1680 1278 spectatam
1716 1235 1831 1279 insigni

295 1299 342 1326 tes
367 1293 395 1325 ei
421 1292 597 1336 praecipue
618 1290 807 1324 tribuendas
836 1299 904 1323 esse
931 1290 1044 1323 decer·
1062 1324 1065 1329 ,
1081 1287 1267 1320 laudatione
1283 1287 1445 1321 verissime
1457 1288 1639 1321 celebravit.
1654 1288 1681 1321 Is
1691 1288 1831 1332 fuitpiae

294 1352 396 1380 neret.
423 1340 528 1385 Quare
553 1355 590 1378 ex
615 1344 746 1388 publica
770 1343 932 1376 Ecclesiae
958 1341 1044 1375 utili·
1085 1340 1259 1373 memoriae
1279 1340 1391 1373 Petrus
1415 1340 1616 1374 cardinalisa
1631 1341 1828 1381 Tarantasia‘,

294 1405 358 1432 tate
379 1405 410 1432 et
429 1398 632 1438 necessitate,
655 1403 691 1430 ut
710 1397 825 1430 maiori
846 1407 920 1429 cum
942 1395 1046 1438 digni-

1083 1394 1128 1426 vir
1161 1394 1343 1427 eruditione
1372 1399 1403 1427 et
1437 1394 1612 1427 christiana
1646 1395 1830 1438 eloquentia

1068 1453 1261 1499 'praestans
1284 1447 1339 1491 qui
1359 1453 1470 1491 postea
1489 1447 1527 1480 ad
1551 1447 1759 1490 pontificatus
1781 1449 1829 1481 fa·

294 1507 362 1539 lum
383 1504 566 1545 interesset,
588 1504 643 1537 sed
665 1511 828 1548 praeesset,
859 1503 969 1536 statuit
994 1503 1045 1535 lu·-
1068 1502 1071 1546 2
1092 1501 1213 1543 -tigiurn
1236 1506 1376 1540 evectus,
1397 1500 1604 1534 Innocentius
1627 1501 1712 1544 Papa
1735 1501 1759 1533 V
1782 1507 1829 1534 est

295 1570 425 1593 cernam
446 1559 611 1592 ardentem
633 1564 664 1591 et
688 1558 850 1590 lucentem
876 1567 974 1600 supra
994 1567 1046 1589 ex-

295 1613 418 1646 celsum
439 1612 669 1645 candelabrum
689 1621 823 1654 ponere,
844 1616 880 1642 ut
899 1610 930 1642 in
947 1610 1044 1643 domo

294 1666 350 1699 Dei
371 1665 472 1709 magis
491 1666 627 1698 luceret.

339 1719 354 1762 ἓ
387 1718 417 1751 7.
455 1718 566 1761 Itaque
591 1718 623 1751 S.
652 1718 908 1750 Bonaventuram
938 1717 1064 1749 nullost

295 1772 437 1805 honores
464 1776 691 1815 appetentem,
718 1770 892 1813 fugientem
923 1771 1041 1814 potius,

297 1825 352 1858 sed
368 1824 485 1858 Christi.
510 1824 636 1857 Vicat-io
657 1824 948 1867 obtemperantem,
969 1823 1043 1855 nul·
1059 1819 1067 1859 ξ’

295 1878 409 1921 losque
428 1888 488 1922 pro
508 1878 649 1911 Ecclesia
674 1877 800 1910 labores
819 1876 928 1910 subire
954 1888 1041 1909 recu-

295 1937 429 1973 santem,
452 1937 616 1974 tamquam
642 1931 673 1963 in
703 1930 800 1964 totius
827 1930 915 1964 orbis
940 1936 1038 1963 terrae

295 1985 420 2018 theatro
442 1985 474 2017 in
494 1995 622 2018 sacrum
641 1984 854 2017 cardinalium
870 1984 1040 2026 collegium

295 2038 376 2071 etin
401 2038 629 2082 episcoporum
655 2036 806 2071 Ordinem
832 2037 938 2070 statim
966 2048 1042 2070 coo-

295 2091 414 2134 ptavit·‚
445 2101 519 2124 nam
549 2090 710 2124 Ecclesiae
744 2089 917 2122 Albanensi
950 2088 1040 2122 illum

294 2144 459 2187 praefecit,
485 2144 540 2188 qui
567 2145 670 2177 honos
695 2142 932 2186 antiquioribus
951 2154 1041 2187 pres-

264 2196 266 2199 '
294 2196 412 2240 hyteris
436 2196 655 2230 cardinalibus
675 2197 774 2230 tribui
794 2197 884 2229 solet.
907 2196 974 2235 Qua
990 2196 1042 2228 ille

294 2250 491 2293 amplissima
506 2250 659 2292 dignitate
678 2256 804 2289 auctus,
817 2250 999 2283 universam
1011 2250 1040 2282 in

295 2303 349 2336 Dei
369 2303 505 2345 gloriam
537 2310 567 2336 ct
588 2304 748 2337 Ecclesiae
770 2303 941 2336 utilitatem
963 2313 1041 2336 eon-

297 2356 380 2388 tulit.
400 2355 524 2388 Etenim
550 2357 582 2389 in
611 2357 709 2390 rebus
729 2356 858 2389 coiieilii
879 2355 989 2388 arduis
1010 2367 1041 2389 o-

297 2415 405 2446 peram
427 2405 587 2447 egrcejiam
604 2405 774 2448 praestitit,
796 2404 987 2438 catholicam
1008 2406 1043 2436 ti-

297 2453 368 2485 dem
390 2454 645 2487 constantissime
665 2454 818 2495 dct‘endit‚
842 2465 955 2498 pravas
974 2454 1043 2497 opi-

297 2501 408 2534 niones
439 2504 596 2536 acerui-‘nc
633 2503 796 2542 refutavit,
830 2503 1041 2545 eiusdemque

297 2550 478 2591 prudentia,
505 2551 661 2589 doctrina,
687 2552 864 2592 sanctitate,
887 2551 1040 2587 orationi-

296 2598 367 2636 hus,
389 2597 533 2641 Gregorii
554 2599 717 2632 l'ontiticis
737 2600 903 2643 pastoralis
925 2600 1039 2632 solliei-

1092 1555 1273 1598 ippellatus.
1300 1554 1371 1598 Ipse
1399 1565 1472 1587 vero
1504 1554 1656 1587 Summus
1684 1554 1828 1587 Pontifex

1090 1607 1256 1651 J'regorius
1275 1608 1313 1647 X,
1336 1618 1373 1640 ex
1393 1607 1496 1640 intimi
1510 1608 1607 1640 animi
1626 1608 1774 1641 sensibus
1793 1619 1827 1640 a·

1085 1661 1215 1694 nissum
1237 1662 1380 1699 fratrem,
1407 1659 1588 1693 a'diutorem
1614 1666 1646 1693 et
1680 1661 1825 1693 consilia-

1081 1715 1164 1747 rium
1195 1713 1418 1747 sidelissimum
1440 1713 1571 1753 dolens,
1596 1714 1703 1757 palam
1724 1714 1825 1756 gravi-

1080 1769 1141 1801 bus
1157 1768 1261 1800 verhis
1281 1767 1468 1801 testificatus
1488 1772 1536 1799 est
1555 1767 1748 1800 catholicam
1768 1767 1826 1799 Ec-

1081 1821 1224 1860 clesiam,
1245 1831 1327 1864 quae
1348 1831 1386 1853 ex
1405 1820 1483 1853 tanti
1504 1819 1561 1852 viri
1582 1820 1699 1863 pietate
1718 1826 1749 1853 et
1769 1821 1827 1853 do-

1081 1874 1183 1907 ctrina
1205 1874 1327 1907 fruetus
1348 1873 1528 1906 uberrimos
1553 1878 1733 1916 acceperat,
1759 1883 1828 1905 ma-

1080 1938 1175 1970 gnam
1196 1926 1282 1959 illius
1300 1931 1402 1959 morte
1428 1926 1585 1959 iacturam
1614 1925 1737 1959 fecisse.
1767 1926 1826 1958 Sed

1080 1991 1154 2013 vere
1173 1991 1191 2013 a
1211 1980 1332 2024 Spiritu
1353 1980 1468 2014 Sancto
1486 1980 1605 2013 dictum
1627 1985 1686 2013 est:
1707 1979 1749 2012 In
1765 1990 1829 2012 vize-

1080 2035 1186 2067 Ἠϊονέα
1211 2038 1344 2067 aeterna
1371 2034 1432 2067 erit
1461 2034 1583 2066 iustus:
1618 2043 1691 2066 nam
1711 2032 1767 2077 qui
1795 2033 1828 2066 in

1079 2088 1142 2121 vita
1163 2088 1296 2121 illustris
1322 2088 1437 2126 suerat,
1466 2088 1568 2120 multo
1593 2092 1663 2131 post
1692 2092 1828 2119 mortem

1081 2142 1184 2174 factus
1204 2147 1250 2174 est
1269 2140 1437 2179 illustrior;
1459 2140 1535 2180 Deo,
1556 2140 1612 2183 qui
1630 2139 1829 2172 admirabilis

1081 2201 1112 2228 et
1140 2194 1300 2238 gloriosus
1329 2199 1375 2227 est
1402 2194 1436 2226 in
1464 2193 1587 2227 Sanctis
1615 2192 1700 2234 suis,
1731 2192 1830 2236 signis

1081 2247 1305 2291 compluribus
1324 2257 1361 2280 ac
1377 2246 1533 2290 prodigiis
1545 2252 1575 2279 et
1587 2245 1750 2279 miraculis
1759 2256 1828 2278 ma-·

1080 2301 1164 2334 xime
1181 2300 1359 2343 insignibus
1371 2299 1451 2333 servi
1465 2298 1514 2332 sui
1530 2299 1729 2332 sanctitatem
1743 2309 1829 2331 com-

1081 2355 1249 2398 probante.

1124 2404 1138 2444 ξ
1163 2402 1193 2435 9.
1221 2394 1365 2441 Quorum
1386 2401 1616 2434 miraculorum
1646 2401 1728 2434 sama
1753 2411 1826 2433 cum

1081 2501 1310 2544 praedecessor
1335 2504 1454 2539 noster,
1475 2510 1490 2531 e
1516 2499 1644 2531 sublimi
1671 2498 1827 2542 Apostoli-

1081 2596 1147 2637 Dei,
1170 2598 1223 2641 qui
1252 2597 1322 2630 facit
1349 2597 1506 2630 mirabilia
1528 2606 1642 2638 ιηυςήτι
1662 2596 1760 2633 solus,
1783 2592 1823 2625 ibi

1081 2451 1166 2495 apud
1187 2461 1299 2484 omnes
1318 2451 1607 2494 percrebresceret,
1623 2450 1706 2482 idem
1721 2449 1826 2482 Sixtus
1838 2435 2020 2487 ssss'm'ffss'gs'essffls,
2054 2489 2055 2493 Ἰ

1838 2497 1941 2533 fessorum
1960 2503 2019 2524 poit-

1082 2561 1137 2583 cae
1157 2549 1249 2582 Sedis
1268 2549 1400 2592 specula
1427 2559 1463 2581 ca
1488 2546 1658 2590 aspiciens,
1689 2546 1823 2588 digitum
1838 2529 2018 2581 iiiissssmnu'iti’ecffii}

1836 2592 1964 2617 aggregavit.

1879 2402 1928 2425 ldeo
1951 2387 2020 2425 Sinus
2038 2403 2040 2406 '
