2059 3228
70 171 101 202 c,
118 171 187 218 2⁵⁸⁶
512 212 515 214 -

509 221 651 256 LXXVII.

177 334 184 343 ι
199 297 363 333 Τοὶεηίὶηἰ
385 298 496 342 oppidi
515 298 551 330 in
578 297 749 341 provincia
771 297 891 329 Picena
914 297 948 329 in

242 353 407 386 civitatem
419 351 617 387 sublimatio,
627 350 754 393 eiusque
763 343 946 391 colleffl'atae

223 405 390 438 ‘ecclesiae
411 406 443 438 ιή
460 404 667 448 episcopalem
688 404 802 436 erectio
821 403 830 425 ¹
846 431 852 436 .

258 494 353 524 sixtus
371 494 527 530 episcopus.
544 499 640 522 servus
659 499 798 521 servorum
812 493 872 526 Dei.

337 549 372 576 ad
389 548 553 584 perpetuam
575 546 617 576 rei
634 546 804 575 memoriam.

44 674 46 678 .
239 632 345 677 Super
355 633 521 666 universas
541 632 629 666 orbis
646 632 809 672 ecclesias,
823 632 867 665 Eo
882 632 946 665 dis-

52 679 149 729 sunium
196 692 337 730 ponente
353 687 408 730 qui
435 686 560 720 cunctis
575 686 712 730 imperat
724 692 755 719 et
774 686 826 719 cui
840 686 947 719 onmia

195 739 364 780 obediunt,
377 750 575 783 quamquam
587 739 655 779 sine
669 739 787 772 nostris
808 739 943 779 meritis,

195 785 374 834 constituti,
407 793 549 827 levamus
571 793 603 825 in
632 792 769 826 circuitu
796 793 864 835 agri
889 793 946 825 do-

173 880 175 882 ,
195 845 306 880 minici
330 847 442 880 oculos
461 852 589 894 nostrae
610 846 737 886 mentis,
761 857 849 879 more
874 858 947 891 pcr-

144 929 149 937 ,
195 899 298 942 vigilis
313 900 450 944 pastoris
469 899 646 943 inspecturi
667 899 746 943 quid
766 900 946 943 provincia-

196 963 269 986 rum
289 958 320 986 et
339 953 488 986 locorum
509 952 732 996 quorumlihet
752 953 846 986 statui
867 964 945 986 con-

195 1010 301 1047 gruat,
326 1016 364 1039 ac
383 1005 523 1049 desuper
542 1005 670 1049 disponi
701 1005 824 1046 debeat,
849 1006 945 1046 unde,

195 1058 303 1092 divino
327 1059 398 1092 sulti
418 1058 590 1102 praesidio,
613 1058 760 1102 dignum,
792 1060 871 1102 quin
892 1070 947 1103 po-

199 1113 262 1146 lius
280 1113 439 1154 debitum,
462 1113 670 1154 arbitramur,
694 1113 725 1145 in
746 1113 868 1155 irriguo
890 1113 948 1145 nii-

197 1166 318 1200 litantis
336 1166 497 1200 Ecclesiae
524 1177 602 1209 agro
632 1177 729 1199 novas
748 1166 948 1211 episcopales

196 1219 288 1254 sedes
306 1225 337 1254 et
356 1220 508 1254 ecclesias
527 1221 685 1264 plantare,
708 1226 741 1253 ut
762 1231 820 1263 per
832 1220 946 1254 huius-
966 1202 968 1257 l

197 1273 286 1311 modi
304 1284 403 1307 novas
417 1274 635 1318 plantationes
650 1273 817 1317 popularis
833 1284 948 1317 augea·
966 1259 968 1293 ἔ

197 1334 250 1361 tur
267 1327 407 1368 devotio,
422 1327 548 1361 divinus
568 1328 674 1362 cultus
688 1328 812 1367 floreat,
829 1334 857 1361 et
876 1328 946 1361 ani-

196 1391 324 1414 marum
342 1381 429 1414 salus
454 1381 682 1425 subsequatur,
704 1381 775 1414 loca
796 1381 945 1424 insignia,

197 1433 387 1478 praesertim
407 1445 548 1478 quorum
573 1435 709 1475 incolae,
736 1435 947 1468 benedicente

197 1487 344 1528 Domino,
369 1488 580 1532 multiplicari
610 1494 800 1525 noscuntur,
826 1488 948 1530 dignio-

196 1539 288 1574 ribus
305 1540 408 1574 titulis
441 1547 472 1574 et
501 1540 668 1584 condignis
688 1541 852 1573 favoribus
876 1541 948 1573 illu-

197 1598 355 1634 strentur,
389 1585 517 1638 ipsique
550 1594 676 1627 incolae
713 1594 946 1627 honoratorum

198 1647 386 1691 praesulum
394 1647 593 1688 adsistentia,
610 1647 767 1690 regimine
780 1653 810 1680 et
824 1647 946 1680 doctri-

197 1709 240 1732 na
251 1699 395 1740 suffulti„
410 1700 444 1733 in
462 1701 512 1734 via
522 1701 650 1734 Domini
666 1701 767 1743 magis
778 1701 947 1744 magisque

200 1753 232 1786 in
251 1752 320 1786 dies
339 1753 522 1797 proficiant.

228 1806 258 1851 ,5
273 1806 306 1840 ’1.
328 1807 423 1847 Sane,
440 1808 640 1841 attendentes
659 1807 815 1852 oppidum
835 1808 947 1841 Tolen-

198 1859 269 1901 tini,
297 1859 534 1902 Camerinensis
553 1862 719 1901 dioecesis,
743 1861 774 1894 in
799 1872 875 1904 agro
896 1862 946 1894 Pi-

198 1923 292 1950 ceno,
320 1919 352 1947 et
375 1914 540 1948 territorio
556 1915 722 1948 fructifero
742 1915 861 1947 acloco
873 1915 948 1948 satis
967 1922 969 1950 t

198 1978 334 2001 amaeno
345 1973 377 2001 et
385 1968 495 2011 pervio
505 1968 613 2008 situm,
622 1967 797 2001 admodum
810 1969 947 2008 celebre,

174 2032 176 2037 ·
198 2031 236 2054 ac
250 2021 354 2054 muris
369 2021 505 2055 firmiter
515 2021 672 2061 cinctum,
694 2021 838 2064 plurium
859 2021 947 2054 aedi-

199 2073 348 2108 ficiorum
369 2072 490 2108 ornatu'
510 2074 677 2114 decorum⁷
706 2074 837 2117 copioso
858 2074 947 2107 inco-

199 2122 305 2161 larum
336 2138 474 2161 numero
504 2127 696 2166 habitatum,
724 2138 760 2159 ac
788 2127 875 2159 mille
909 2127 948 2160 ad

199 2180 320 2222 minus,
337 2181 424 2214 ultra
442 2185 546 2214 castra
556 2180 742 2213 Colmurani
757 2179 818 2212 sibi
832 2190 950 2224 suppo-

199 2233 265 2273 siti,
282 2233 441 2267 socularia
469 2233 534 2266 sive
558 2233 673 2266 domus
703 2232 891 2273 continerc;
913 2245 950 2267 ac

201 2286 234 2320 in
245 2296 283 2320 eo
291 2297 390 2319 unam
407 2287 439 2320 S.
453 2286 568 2320 Mariae
581 2297 654 2319 cum
667 2286 850 2329 campanili,
862 2297 949 2319 cam-

201 2339 306 2384 panis,
328 2349 462 2383 organo,
484 2340 598 2380 choro,
624 2339 780 2380 sacristia,
813 2340 950 2382 plebano

52 1869 69 1896 ᾗ
95 1867 184 1891 roten·

29 1930 31 1932 η
57 1912 77 1931 ‘.
112 1899 184 1934 multis

66 1943 82 1957 χ
127 1933 166 1952 uo.

859 166 963 191 swws
981 166 1001 190 V
1020 166 1067 190 1³1⁵.

237 2429 249 2455 1
267 2427 310 2455 Ex
329 2427 382 2454 liae
401 2426 510 2454 civitate
526 2426 617 2460 prodit
633 2426 660 2453 S.
681 2425 813 2453 Nicolaus
830 2425 951 2453 Tolenti-

203 2479 260 2500 nus
278 2474 475 2505 nuncupatus,
493 2470 528 2498 de
543 2471 626 2498 cuius
641 2471 853 2498 canonizatione
868 2475 895 2497 et
910 2471 951 2498 se-

203 2516 324 2544 stivitate
346 2515 442 2542 videre
461 2518 503 2542 est
521 2514 550 2541 in
577 2514 648 2549 Eug.
670 2514 712 2541 lv.
742 2518 832 2542 const.
854 2521 951 2550 xxxvi,

205 2561 274 2589 Licet
287 2561 420 2591 militans,
436 2563 504 2587 tom.
528 2566 553 2593 v,
574 2567 636 2594 pag.
654 2560 697 2588 88.

283 2599 359 2632 Ball.
379 2599 455 2630 Rom.
474 2599 530 2629 Vol.
551 2599 623 2629 wll.
780 2600 834 2629 103

1629 156 1691 192 8¹17
1751 165 1803 195 An.
1820 167 1850 195 C.
1868 166 1937 196 1586

989 229 1027 252 ac
1046 218 1208 252 canonicis
1228 224 1258 251 et
1285 218 1355 252 aliis
1381 219 1420 251 ad
1446 218 1663 253 cathedralem
1683 230 1737 253 ec-

990 272 1118 305 clesiam
1141 271 1314 315 requisitis,
1341 282 1379 305 ac
1408 272 1543 306 alteram
1567 273 1736 307 eeclesiam

989 324 1190 367 collegiatam
1229 326 1259 358 S.
1296 325 1420 366 lacohi,
1461 337 1535 359 cum
1569 327 1678 370 priore
1707 332 1739 360 et

989 377 1163 418 canonicis,
1188 385 1356 421 praeterea
1379 380 1410 413 S.
1447 380 1592 422 Catervii‚
1624 380 1654 413 S.
1675 381 1739 414 Au-

940 430 946 435 ’
989 431 1107 475 gustini
1128 432 1359 465 canonicorum
1381 433 1591 476 regularium,
1618 433 1651 466 in
1675 444 1739 478 qua

989 485 1134 518 eiusdem
1144 484 1175 517 S.
1190 484 1337 526 Catervii‚
1348 485 1380 519 S.
1397 486 1570 530 Septimiae
1586 497 1622 520 ac
1631 487 1736 520 Sancti

989 538 1074 572 Bassi
1095 548 1232 582 corpora
1250 539 1471 581 reperiuntur,
1493 550 1619 574 necnon
1633 540 1663 573 S.
1683 540 1737 573 Ni-

989 591 1071 625 colai
1105 592 1144 624 de
1178 591 1346 624 Tolentino
1377 593 1567 637 nuncupati,
1603 594 1736 626 fratrum

989 644 1196 678 eremitarum
1214 644 1356 678 eiusdem
1373 645 1405 679 S.
1424 646 1606 688 Augustini,
1630 646 1663 679 in
1675 657 1739 690 qua

988 697 1092 731 existit
1120 708 1221 730 unum
1254 698 1423 731 brachium
1456 699 1681 743 incorruptum
1708 705 1740 733 et

988 761 1107 795 corpus
1126 750 1269 784 eiusdem
1300 752 1331 784 S.
1354 752 1488 793 Nicolai,
1511 753 1567 795 qui
1596 753 1636 786 ob
1656 753 1739 787 vitae

988 803 1245 845 sanctimoniam,
1264 805 1296 837 in
1315 804 1377 838 vita
1398 810 1428 838 et
1443 810 1515 849 post
1527 806 1596 839 eius
1614 806 1738 839 obitum

988 857 1153 891 miraculis
1184 868 1368 899 coruscans,
1393 869 1530 892 numero
1552 865 1737 893 sanctorum

989 912 1107 946 meruit
1126 912 1277 952 adscribi,
1305 912 1398 945 cuius
1417 913 1514 945 etiam
1541 914 1655 946 festum
1681 925 1738 947 nu-

986 966 1127 1010 perrime
1157 966 1189 998 in
1209 971 1276 999 toto
1297 966 1385 999 Statu
1406 966 1628 1000 Ecclesiastico
1657 968 1739 1000 cele-

988 1019 1074 1052 brari
1098 1025 1128 1052 et
1147 1019 1304 1052 custodiri
1333 1019 1566 1053 mandavimus.
1589 1021 1636 1053 Ad
1659 1021 1739 1054 haec

988 1073 1020 1106 S.
1038 1072 1201 1105 Francisci
1219 1072 1354 1105 fratrum
1364 1072 1522 1106 Minorum
1537 1074 1737 1107 Conventua-

987 1127 1078 1166 lium,
1102 1123 1131 1159 et
1148 1126 1180 1159 S.
1203 1125 1319 1158 Mariae
1330 1125 1471 1159 Cisoloni
1484 1127 1619 1160 fratrum
1636 1127 1738 1160 Mino-

988 1189 1061 1212 rum
1082 1180 1120 1212 de
1140 1179 1360 1220 observantia,
1379 1190 1415 1212 ac
1427 1180 1458 1213 S.
1475 1180 1559 1213 Petri
1571 1180 1705 1213 fratrum
1725 1180 1737 1203 1

988 1233 1270 1276 Cappuccinorum
1288 1238 1552 1277 nuncupatorum
1566 1261 1573 1274 ‚
1611 1245 1738 1268 necnon

989 1285 1019 1319 S.
1050 1285 1237 1330 Hieronymi
1265 1286 1401 1319 fratrum
1431 1286 1574 1320 eiusdem
1603 1286 1634 1320 S.
1667 1287 1740 1320 llie-

988 1339 1162 1384 ronymiac
1182 1339 1215 1373 S.
1237 1340 1367 1382 Agnetis
1379 1340 1609 1374 monialiumS.
1629 1340 1739 1373 Clarae

988 1392 1143 1426 Ordinum
1164 1393 1360 1426 monasteria
1379 1399 1411 1427 et
1434 1394 1600 1437 regulares
1625 1394 1739 1427 domos

988 1456 1025 1478 ac
1044 1447 1255 1490 quamplures
1268 1446 1345 1480 alias
1356 1446 1520 1488 ecclesias,
1533 1458 1569 1480 ac
1586 1447 1650 1480 duo
1663 1447 1740 1480 hos-

987 1499 1099 1542 pitalia
1127 1508 1185 1544 pro
1221 1500 1421 1544 pauperibus
1450 1506 1482 1533 et
1501 1500 1639 1534 infirmis
1659 1500 1741 1534 reci-

987 1552 1114 1596 piendis
1145 1554 1221 1587 satis
1247 1553 1417 1587 commode
1442 1559 1587 1587 extructa
1615 1554 1739 1593 adesse,

988 1611 1019 1638 et
1046 1616 1083 1639 ex
1111 1617 1148 1639 eo
1174 1607 1365 1647 cardinales,
1393 1607 1575 1651 episcopos,
1602 1606 1743 1640 reseren-

989 1655 1096 1688 darios
1115 1661 1146 1689 et
1167 1662 1315 1689 strenuos
1347 1657 1477 1697 milites,
1500 1657 1686 1700 capitaneos
1711 1662 1742 1689 et

989 1703 1087 1737 duces
1106 1706 1273 1748 generales
1293 1705 1399 1739 Status
1418 1705 1635 1739 Ecclesiastici
1647 1706 1742 1739 alios-

988 1763 1050 1796 que
1075 1753 1216 1787 illustres
1236 1760 1267 1788 et
1295 1755 1441 1798 egregios
1460 1766 1497 1788 ae
1526 1755 1682 1798 religione
1711 1762 1742 1789 et

988 1803 1133 1835 doctrina
1153 1804 1338 1847 praeclaros
1356 1804 1442 1836 viros
1461 1803 1630 1847 prodiisse.

1032 1853 1047 1895 ἓ
1068 1851 1101 1884 2.
1120 1853 1194 1893 Nos,
1213 1853 1381 1896 cupientes
1401 1853 1557 1897 oppidum
1577 1853 1739 1886 Tolentini

988 1902 1180 1944 praefatum,
1211 1902 1315 1941 cuius,
1342 1902 1420 1934 dum
1445 1901 1661 1934 cardinalatus
1685 1894 1938 1947 Ιιο-ιῑηῗρξζῶἆζζᾜ

989 1960 1067 1982 nore
1087 1950 1311 1992 fungeremur,
1333 1956 1533 1993 protectores
1553 1956 1583 1983 et
1600 1952 1740 1984 fautores
1754 1959 1774 1991 e}
1825 1957 1936 1995 benefieiis

989 1998 1122 2037 suimus,
1153 1999 1310 2043 cuiusque
1336 1999 1470 2032 dilectos
1489 1999 1573 2031 filios
1593 2010 1738 2032 commu-
1754 1987 1937 2041 Ξζξῆἱζῗζζηᾫῖ

990 2048 1121 2081 nitatem
1147 2054 1177 2081 et
1208 2049 1356 2081 homines
1385 2048 1539 2090 singulari
1568 2048 1739 2082 dilectione
1753 2054 1842 2076 ¹²²¹'⁴²¹⁰·

990 2097 1228 2140 prosequimur,
1257 2108 1383 2130 necnon
1412 2097 1613 2140 collegiatam
1638 2098 1741 2131 eccle-

989 2147 1069 2180 siam
1099 2147 1130 2180 S.
1162 2147 1278 2180 Mariae
1316 2147 1503 2180 huiusmodi
1540 2147 1740 2189 digmoribus

990 2196 1091 2229 titulis
1111 2207 1146 2228 ac
1167 2196 1353 2229 nominibus
1373 2196 1533 2235 decorari,
1556 2196 1663 2229 habita
1689 2208 1740 2230 su-

992 2255 1050 2287 per
1068 2245 1118 2277 his
1133 2255 1205 2276 cum
1219 2245 1371 2277 fratribus
1382 2245 1498 2277 nostris
1510 2245 1740 2278 deliberatione

994 2299 1131 2330 matura,
1153 2294 1193 2325 de
1214 2294 1343 2326 illorum
1365 2293 1500 2326 consilio
1514 2299 1543 2327 et
1563 2304 1693 2327 assensu
1704 2306 1739 2327 ae

992 2342 1029 2375 de
1055 2342 1250 2385 apostolicae
1270 2342 1436 2385 potestatis
1465 2343 1678 2386 plenitudine,
1701 2344 1740 2376 ad

992 2391 1221 2434 omnipotentis
1253 2391 1307 2423 Dei
1327 2390 1454 2423 laudem
1475 2397 1505 2424 et
1525 2392 1673 2434 gloriam,
1704 2403 1741 2425 ac

993 2439 1136 2471 ciusdem
1157 2434 1270 2471 Beatae
1290 2439 1406 2471 Mariae
1426 2439 1565 2482 Virginis
1583 2440 1740 2474 honorem

993 2494 1023 2521 et
1043 2488 1300 2521 christifidelium
1321 2488 1500 2523 devotionis
1519 2494 1740 2533 augmentum,

1031 2561 1041 2586 ¹
1063 2559 1210 2594 Μὶηοι-ιιιη,
1228 2560 1350 2588 Cherub.
1367 2563 1409 2596 (κ,
1430 2565 1479 2595 τ.).
