2059 3228
32 247 85 275 An.
100 247 130 276 C.
149 246 216 275 1587

63 577 166 601 Ahrognm
198 575 216 593 in

34 608 120 628 abbati·
131 607 159 626 sic
171 606 214 625 nui-

34 642 54 659 10
69 637 166 659 abbatiali
186 637 218 656 di-

35 671 122 695 gnitate,
138 674 217 688 mona*

34 702 85 721 etms
97 701 119 719 :id
131 701 218 719 anamo-

33 732 128 752 nasteria
140 730 219 751 tunsi-

35 769 57 784 re
73 763 138 783 iubet,

72 2319 127 2340 Talis
151 2325 229 2340 monu-

47 2350 230 2372 neritoneracot.

49 2381 104 2408 legio
120 2382 215 2407 imponit.

276 235 339 271 98⁵2

233 300 278 331 vel
300 297 439 331 cuiusvis
460 295 592 329 alterius
612 294 741 327 licentia
761 293 900 337 desuper
925 292 984 324 mi-

233 352 318 384 nime
330 349 497 393 requisita,
514 348 706 381 auctoritate
723 353 751 380 et
768 353 879 380 tenore
892 358 984 391 prae-

233 404 337 443 dictis,
363 404 456 436 ctiam
493 407 663 446 perpetuo,
696 401 837 441 unimus,
865 411 983 433 annec-

235 459 329 491 timus
351 463 378 490 ct
407 457 664 500 incorporamus.

277 512 291 554 ξ
312 511 343 544 4.
371 511 414 543 Ac
435 510 466 542 in
488 510 557 554 ipso
580 509 776 542 monasterio
797 509 984 552 dignitatem

233 565 438 605 abbatialem,
461 574 658 608 nomenque,
682 563 811 595 titulum
834 567 864 595 et
885 563 985 595 deno-

234 618 444 651 minationem
471 617 607 657 abbatis,
635 627 761 650 necnon
792 621 987 649 conventua-

234 673 368 712 litatem,
392 673 416 704 si
438 682 520 716 quae
546 672 594 712 sit,
616 683 652 704 ac
673 671 781 704 Sancti
807 669 984 710 Benedicti,

234 739 289 761 seu
310 727 554 761 Cistcrcienscm
582 726 734 760 Ordinem
769 725 984 769 praedictum,

234 783 387 826 illiusque
409 788 537 822 statum,
557 780 728 815 essentiam
748 785 776 812 et
800 779 987 823 dependen-

234 837 311 870 tiam
332 838 509 881 regulares,
537 835 656 869 eisdem
677 834 869 868 auctoritaie
891 839 921 866 et
940 838 987 866 te-

233 903 312 925 nore
334 891 483 925 similiter
516 895 674 935 perpetuo
700 888 937 933 supprimimus
957 891 989 919 et

233 946 463 989 extinguimus,
487 945 638 990 ipsosque
669 943 846 977 monachos
869 942 987 975 ibidem

233 1000 385 1043 degentes
406 1000 444 1032 ad
461 999 522 1032 alia
540 998 737 1032 monasteria
753 1009 809 1031 seu
827 996 988 1042 regularia

234 1054 304 1087 loca
329 1054 378 1087 sui
403 1053 544 1094 Ordinis,
567 1053 606 1086 ad
627 1053 656 1085 id
679 1052 725 1086 eis
751 1064 768 1085 a
797 1052 864 1087 suis
894 1062 988 1096 supe-

236 1109 377 1142 rioribus
388 1107 646 1151 assignanda,vel
656 1107 733 1140 alias
749 1107 804 1140 ubi
817 1106 989 1140 benevolos

237 1163 415 1196 invenerim
433 1169 627 1206 receptores,
646 1162 689 1195 ita
709 1167 743 1194 ut
768 1173 803 1194 cx
829 1171 916 1193 nunc
936 1161 989 1193 de-

235 1219 346 1263 inceps
367 1218 398 1251 in
421 1218 615 1251 monasterio
634 1217 726 1250 unito
749 1217 893 1260 praefato
914 1215 988 1248 nul-

235 1272 360 1305 latenus
380 1281 582 1315 permanere,
615 1281 674 1304 nec
695 1282 731 1303 ex
757 1271 844 1304 illius
876 1270 988 1303 fructi-

236 1327 296 1359 bus
315 1327 362 1359 vel
384 1326 479 1359 rebus
501 1326 654 1359 alimenta
669 1325 718 1357 vel
735 1325 839 1357 ullum
856 1325 989 1358 omnino

236 1381 414 1414 subsidium
436 1386 491 1414 aut
517 1380 566 1413 ius
588 1380 637 1413 vel
671 1380 833 1412 actionem
869 1379 988 1412 ibidem

237 1436 449 1479 praetendere
484 1435 619 1479 possint,
646 1434 702 1467 sed
730 1433 849 1474 statim,
881 1433 990 1466 habita

236 1489 458 1534 praesentium
480 1489 605 1530 notitia,
632 1488 672 1521 ad
701 1488 763 1521 alia
795 1487 990 1521 monasteria

238 1549 268 1577 et
291 1544 363 1577 loca
376 1542 583 1583 huiusmodi,
601 1543 691 1575 nulla
711 1542 773 1575 alia
793 1553 810 1575 a
831 1542 925 1575 nobis
941 1552 992 1574 ex-

237 1603 364 1642 pectata
395 1598 537 1632 iussione
564 1597 744 1641 mentisque
774 1601 902 1629 nostrae
935 1596 991 1628 de-

238 1651 425 1694 claratione,
446 1652 505 1685 sub
530 1650 877 1685 excommunicationis
910 1650 992 1683 latae

238 1708 430 1749 sententiae,
453 1718 490 1740 ac
511 1706 606 1739 etiam
628 1704 768 1738 carceris
788 1704 923 1748 aliisque
944 1715 993 1737 ar-

238 1758 335 1792 bitrio
369 1762 479 1791 nostro
513 1755 720 1800 imponendis
761 1754 886 1799 poenis,
923 1756 992 1798 ipso

240 1810 324 1842 facto
357 1819 415 1853 per
450 1806 730 1841 contravenientes
772 1804 990 1844 incurrendis,

240 1858 376 1891 transire
406 1858 563 1897 debeant3
589 1866 626 1888 ac
651 1861 757 1888 rector
782 1865 838 1887 scu
879 1864 994 1897 regens

242 1919 276 1940 ac
299 1908 483 1950 collegiales
501 1906 646 1950 praefati,
667 1905 705 1938 ad
726 1904 806 1937 alios
818 1904 995 1937 monachos

242 1957 274 1990 in
292 1957 377 1990 dicto
399 1957 489 1990 unito
510 1955 706 1989 monasterio
724 1953 946 1997 recipiendum
965 1958 996 1986 et

240 2006 497 2046 admittendum,
537 2004 665 2049 illisque
703 2003 856 2036 alimenta
898 2002 994 2035 mini-

240 2056 407 2088 strandum
428 2056 474 2088 vel
505 2054 593 2087 aliud
630 2053 797 2097 quidpiam
828 2058 994 2096 praestan-

241 2105 318 2137 dum
344 2105 478 2138 minime
499 2109 673 2138 teneantur
692 2113 752 2135 nec
773 2101 905 2145 obligati
920 2101 994 2141 sint,

242 2155 415 2198 minusque
449 2155 487 2188 ad
523 2154 553 2186 id
587 2153 658 2197 cogi
689 2152 737 2185 vel
764 2151 915 2196 compelli
947 2162 997 2184 va-

242 2204 339 2243 leant,
360 2204 595 2237 transferimus

285 2254 301 2297 ἓ
325 2254 356 2287 5.
384 2253 516 2286 Necnon
546 2251 771 2285 fundationem
805 2254 835 2283 et
868 2249 996 2283 institu-

244 2302 363 2334 tionem
385 2302 572 2335 monasterii
592 2300 794 2339 huiusmodi,
825 2310 860 2332 ac
886 2298 998 2331 missa-

244 2363 328 2391 rum,
349 2351 645 2385 anniversariorum
667 2356 698 2384 et
717 2350 855 2382 aliorum
876 2348 998 2380 divino-

245 2411 316 2433 rum
338 2401 521 2433 officiorum
543 2400 768 2442 obligationes,
795 2396 996 2431 commissio-

246 2459 301 2481 nes
336 2455 366 2481 et
399 2450 627 2482 defunctoium
665 2448 829 2491 suffragia,
858 2447 883 2480 si
915 2457 997 2490 quae

246 2497 320 2537 sint,
343 2505 514 2542 ceteraquc¹
536 2509 635 2531 onera
656 2498 760 2530 eidem
778 2497 868 2530 unito
886 2507 998 2530 mona-

247 2547 343 2579 sterio
364 2548 604 2591 ‹piomodolibet
624 2546 857 2587 incumbentia,
872 2546 903 2579 in
920 2547 997 2580 dicti

827 239 1008 265 BULLARIUM
1028 238 1180 263 ROMANUM

1067 291 1133 335 36.
1156 291 1294 335 Insuper
1322 290 1427 324 eidem
1459 291 1596 334 collegio
1625 292 1775 337 illiusque

1024 345 1137 379 lectori
1155 355 1211 378 seu
1232 345 1368 388 regenti,
1391 344 1623 388 collegialibus,
1648 347 1774 380 schola—

1026 400 1126 440 ribus,
1150 399 1356 439 osficialibus,
1379 398 1534 432 ministris
1559 404 1589 431 et
1615 399 1772 443 personis,

1026 459 1061 486 ut
1085 453 1237 486 omnibus
1257 458 1288 486 et
1303 452 1440 496 singulis
1464 452 1650 496 privilegiis,
1669 464 1776 486 exem-

1026 507 1203 550 ptionibus,
1235 506 1450 547 libertatibus,
1478 506 1695 547 facultatibus,
1730 507 1778 539 in-

1027 561 1124 594 dultis
1152 561 1332 604 ceterisque
1357 559 1484 603 gratiis,
1506 565 1570 593 tam
1601 560 1778 605 spirituali-

1027 615 1086 648 bus
1104 626 1201 658 quam
1216 614 1462 658 temporalibus,
1478 613 1596 658 quibus
1608 615 1670 647 alia
1687 625 1780 658 prae-

1028 669 1103 701 dicti
1140 669 1300 701 Minorum
1337 668 1600 701 conventualium
1635 674 1664 702 et
1699 679 1780 712 quo-

1029 723 1150 756 rumvis
1163 722 1300 756 aliorum
1313 722 1468 756 Ordinum
1483 721 1631 765 collegia,
1646 722 1683 755 ad
1700 732 1780 766 qua-

1030 787 1247 820 rumcumque
1280 777 1440 810 bonarum
1462 776 1643 810 litterarum
1675 782 1706 810 et
1734 776 1781 810 di-

1028 831 1238 875 sciplinarum
1261 831 1386 864 cultum
1407 835 1438 863 et
1457 830 1725 875 propagationem
1743 841 1780 863 u-

1028 885 1125 929 bique
1145 885 1301 923 instituta,
1324 885 1522 927 illorumque
1552 889 1706 925 rectores,
1731 895 1782 918 re-

1028 945 1149 983 gentes,
1180 939 1374 982 collegiales,
1405 939 1580 980 scholares,
1612 938 1779 981 officiales,

1030 993 1167 1027 ministri
1189 999 1219 1026 et
1239 1004 1397 1037 personae
1419 993 1457 1026 de
1476 992 1547 1026 iure
1572 993 1621 1026 vel
1647 1003 1783 1027 consue-

1031 1048 1155 1089 tudine,
1178 1057 1235 1081 seu
1256 1058 1293 1080 ex
1313 1047 1494 1092 privilegio,
1517 1046 1612 1080 etiam
1626 1057 1683 1091 per
1699 1046 1781 1080 viam

1029 1101 1336 1135 communicationis
1347 1111 1402 1134 seu
1417 1099 1623 1141 extensionis,
1636 1105 1691 1133 aut
1705 1100 1783 1133 alias

1029 1155 1275 1200 quomodolibet
1295 1160 1443 1194 utuntur,
1466 1154 1637 1198 potiuntur
1656 1160 1687 1187 et
1706 1164 1783 1197 gau-

1029 1210 1114 1250 dent,
1140 1220 1177 1242 ac
1197 1209 1253 1250 uti,
1274 1208 1370 1252 potiri
1392 1213 1422 1241 et
1441 1208 1581 1251 gaudere
1599 1213 1733 1251 possunt
1752 1213 1783 1242 et

1030 1268 1184 1308 poterunt
1203 1261 1449 1307 quomodolibet
1472 1262 1505 1294 in
1534 1262 1691 1302 futurum,
1719 1272 1783 1295 non

1030 1318 1134 1350 solum
1159 1317 1198 1350 ad
1223 1327 1336 1350 eorum
1356 1316 1467 1357 instar,
1488 1315 1543 1349 sed
1562 1315 1785 1359 parisormiter

1030 1377 1061 1405 et
1081 1382 1183 1416 aeque
1203 1371 1438 1415 principaliter,
1459 1371 1579 1414 absque
1606 1370 1672 1402 ulla
1691 1380 1784 1414 pror-

1030 1437 1084 1459 sus
1105 1425 1297 1466 differentia,
1322 1425 1380 1466 uti,
1401 1423 1498 1469 potiri
1523 1428 1554 1457 01
1577 1423 1719 1466 gaudere
1746 1423 1784 1455 li-

1031 1482 1107 1513 bere
1129 1484 1159 1514 et
1178 1479 1266 1513 licite
1299 1479 1424 1512 valeant
1445 1477 1478 1510 in
1502 1477 1655 1510 omnibus
1675 1481 1707 1509 et
1727 1487 1786 1521 per

1032 1534 1151 1575 omnia,
1177 1533 1313 1578 perinde
1337 1543 1374 1566 ac
1395 1531 1421 1565 si
1441 1531 1498 1564 illa
1522 1531 1568 1564 eis
1601 1530 1786 1575 specialiter

1031 1588 1224 1624 nominatim
1245 1593 1276 1620 et
1300 1596 1448 1631 expresse
1473 1595 1625 1619 concessa
1644 1589 1675 1618 et
1694 1594 1783 1618 com-

1034 1643 1198 1677 municata
1230 1641 1376 1681 fuissent,
1403 1638 1593 1673 auctoritate
1614 1643 1642 1671 et
1672 1642 1785 1671 tenore

1033 1697 1198 1742 praefatis,
1221 1695 1342 1739 pariter
1361 1698 1519 1738 perpetuo
1538 1691 1746 1726 concedimus
1756 1696 1787 1725 et

1033 1752 1250 1794 indulgemus.

1078 1806 1092 1849 g
1113 1805 1143 1838 7.
1168 1805 1205 1837 Ut
1230 1808 1336 1836 autem
1370 1801 1446 1834 dicti
1471 1799 1597 1844 collegii
1630 1809 1785 1843 prospero

1034 1870 1071 1893 ac
1091 1858 1177 1891 felici
1198 1856 1350 1900 regimini
1371 1861 1401 1888 et
1422 1853 1655 1887 conservationi
1669 1864 1786 1897 oppor-

1036 1919 1113 1946 tune
1134 1912 1335 1951 consulatur,
1354 1909 1507 1943 dilectum
1521 1908 1624 1940 filium
1641 1911 1787 1940 nostrum

1035 1967 1255 2001 Alexandrum
1279 1965 1311 1998 S.
1334 1962 1498 1997 Eustachii
1520 1962 1695 1995 diaconum
1716 1971 1788 1995 car-

1036 2021 1177 2055 dinalem
1204 2020 1242 2053 de
1262 2019 1366 2052 Monte
1395 2017 1467 2050 Alto
1499 2020 1737 2059 nuncupatum,
1760 2019 1791 2048 et

1036 2086 1073 2108 eo
1099 2075 1162 2107 vita
1187 2074 1312 2112 functo,
1338 2070 1438 2104 alium
1459 2080 1496 2104 ex
1515 2068 1638 2102 familia
1667 2073 1787 2109 nostra,

1037 2130 1061 2164 si
1082 2129 1155 2172 quis
1180 2126 1252 2168 erit,
1284 2127 1331 2160 sin
1357 2125 1476 2165 minus,
1509 2123 1727 2166 antiquiorem
1753 2132 1790 2155 ex

1037 2182 1203 2228 provincia
1228 2180 1387 2214 Marchiae
1419 2177 1642 2212 Anconitanae
1676 2175 1789 2209 oriun-

1037 2238 1129 2277 dum,
1156 2241 1186 2269 et
1210 2240 1350 2278 utroque
1381 2236 1536 2272 cessante,
1572 2235 1790 2274 protectorem

1039 2289 1194 2334 praedicti
1209 2288 1339 2322 Ordinis
1349 2286 1508 2319 Minorum
1526 2282 1788 2317 conventualium

1038 2354 1096 2389 pro
1115 2349 1261 2387 tempore
1295 2340 1481 2374 existentem
1503 2338 1534 2372 S.
1557 2337 1593 2370 R.
1621 2337 1657 2370 E.
1684 2336 1789 2370 cardi-

1038 2398 1144 2431 nalem
1166 2396 1312 2430 eiusdem
1334 2393 1474 2436 collegii,
1497 2389 1790 2434 illiusquelectoris

1038 2458 1095 2480 seu
1117 2445 1256 2489 regentis
1273 2442 1505 2486 collegialium,
1519 2440 1730 2480 scholarium,
1745 2438 1791 2472 of-

1038 2495 1208 2535 ficialium,
1227 2493 1450 2526 ministrorum
1468 2496 1499 2524 et
1513 2499 1728 2533 personarum
1741 2497 1791 2520 re-

1040 2555 1178 2588 rumque
1199 2548 1227 2577 et
1254 2544 1414 2576 bonorum
1440 2545 1656 2584 protectorem
1684 2542 1715 2570 et
1734 2537 1789 2569 de-

247 2597 372 2639 0011οςἱί
397 2597 571 2630 ministeria
593 2597 808 2631 convertimus
832 2607 869 2629 ac
903 2596 998 2629 etiam
1039 2596 1213 2633 sensorem,
1241 2592 1334 2626 cuius
1367 2589 1503 2624 consilio
1528 2594 1558 2622 et
1592 2597 1652 2630 ope
1682 2584 1791 2618 omnia

249 2651 497 2680 commutamus.

1040 2642 1228 2689 supradicta
1257 2646 1287 2675 et
1318 2648 1546 2686 quaecumque
1564 2635 1628 2670 alia
1646 2635 1679 2668 in
1696 2633 1741 2667 eis
1760 2636 1791 2666 et

1789 242 1842 271 An.
1861 240 1890 270 C.
1909 240 1975 270 1587

1817 304 1839 325 Εἰ
1855 306 1976 325 ceterorum

1790 337 1928 361 collegiorum
1935 335 1977 362 prt-

1790 367 1868 392 vilegis
1881 371 1976 387 commu·-

1791 400 1856 423 nicius,

1851 1800 1984 1824 Cardinatem

1799 1835 1945 1861 protectorum
1964 1832 1986 1853 οί

1801 1865 1904 1891 assigna.
1925 1869 1928 1872 ’
