2059 3228
47 239 77 289 ἔ.
88 255 156 286 1584

57 585 70 604 ο
82 580 149 603 colle-

40 611 108 636 ulutl.

90 2350 95 2356 “
145 2343 257 2378 rentiis
289 2355 391 2377 unum
425 2346 597 2388 collegium
624 2346 816 2379 elericorum
838 2358 894 2380 seu

758 259 933 283 Gunuouttts

167 309 426 355 presbyterorum
437 309 635 353 regularium
648 312 791 346 eiusdem
803 313 911 346 Socie-

168 363 239 397 tatis
267 365 391 408 erigere
415 371 444 397 et
470 366 648 404 instituere,
669 376 705 398 ae
731 365 792 398 alia
813 365 911 398 infra-

165 417 284 461 scripta
310 419 487 452 concedere
507 419 545 451 de
570 419 765 462 benignitate
785 424 911 463 aposto-

165 470 226 505 liea
249 471 469 515 dignaremur.

208 524 223 568 g
243 523 274 557 3.
297 525 360 558 Nos
385 525 493 568 igitur,
512 526 566 569 qui
593 526 714 558 dudum
736 526 820 559 inter
849 527 909 559 alia

162 577 325 611 voluimus
349 580 436 622 quod
457 585 601 623 petentes
622 579 776 612 beneficia
805 580 908 612 eecle-
927 566 931 651 J

161 629 287 664 siastica
311 631 380 665 aliis
400 632 486 665 uniri
512 637 700 665 tenerentur
729 632 907 676 exprimere
927 656 929 661 ,

159 695 270 718 verum
291 696 435 719 annuum
454 688 606 726 valorem,
628 687 804 720 seeundum
822 698 908 720 com-

159 747 292 771 munem
307 740 574 780 aestimationem,
588 740 683 772 etiarn
692 740 842 773 beneficii
854 741 906 773 cui

159 791 247 826 aliud
262 793 349 826 uniri
374 799 550 838 peteretur,
573 794 717 837 alioquin
743 794 820 827 unio
841 805 905 827 non

157 845 289 887 valeret,
312 851 342 879 et
360 857 488 891 semper
507 847 538 880 in
559 846 736 879 unionibus
757 848 905 881 commis-

157 898 204 932 sio
224 899 315 934 tieret
331 901 369 934 ad
390 905 508 945 partes,
524 900 643 934 voeatis
664 911 804 944 quorum
823 901 904 934 inte-

156 958 267 994 resset,
298 954 486 997 religiosum
519 959 550 987 et
583 954 709 987 fervens
732 954 810 987 dicti
835 954 904 988 Ste-

156 1007 254 1051 phani
270 1007 354 1050 regis
366 1008 398 1040 in
413 1008 475 1042 hoc
488 1018 585 1052 opere
602 1008 819 1051 aggrediendo
836 1014 903 1041 stu—

156 1060 245 1093 dium
264 1071 443 1105 propensae
467 1062 639 1094 voluntatis
658 1061 774 1094 affeetu
791 1073 902 1106 prose-

154 1114 209 1158 qui
229 1115 382 1155 volentes,
401 1115 550 1158 ipsosque
580 1115 776 1158 Stephanum
794 1126 901 1158 regem

152 1170 186 1208 „et
207 1167 376 1202 Claudium
386 1170 604 1213 praepositum
616 1180 652 1202 ac
662 1179 773 1202 eorum
786 1180 900 1213 quern-

153 1220 256 1254 liheta
266 1222 430 1265 quibusvis
450 1222 806 1262 excommunieationis,
830 1235 900 1256 sus-

153 1274 316 1319 pensionis
340 1281 371 1309 et
389 1276 550 1309 interdicti
563 1276 899 1319 aliisqueeeelesiasti-
919 1255 922 1309 i

153 1329 198 1362 cis
229 1329 405 1371 sententiis,
428 1330 573 1363 censuris
592 1336 621 1363 et
642 1330 766 1374 poenis,
792 1341 809 1363 a
828 1331 900 1365 iure

151 1382 200 1414 vel
219 1383 258 1416 ab
271 1383 414 1424 homine,
433 1383 718 1427 quavisoeeasione
728 1384 777 1417 vel
789 1395 896 1425 causa,

150 1435 235 1476 latis,
261 1435 287 1469 si
317 1436 434 1480 quibus
459 1436 703 1480 quomodolibet.
727 1437 899 1471 innodatus

151 1489 266 1529 existit,
295 1490 334 1522 ad
356 1489 506 1523 effectum
532 1490 749 1533 praesentium
770 1491 897 1523 dumta-

149 1547 202 1576 xat
221 1544 495 1587 consequendum,
528 1545 643 1577 harum
677 1545 758 1578 serie
792 1544 897 1578 absol-

148 1597 484 1630 ventesetahsolutum
500 1598 566 1631 sore
583 1604 897 1638 censentes,necnon

148 1649 515 1690 fructuum,reddit11um
525 1658 556 1684 et
565 1657 778 1696 proventuum
788 1663 898 1685 mona-

148 1704 238 1737 sterii
257 1709 288 1737 et
303 1705 456 1738 eeclesiae
480 1705 512 1738 S.
533 1705 639 1738 laeobi
664 1705 850 1740 huiusmodi
861 1717 897 1740 ac
916 1713 919 1739 t

148 1757 194 1790 eis
213 1767 411 1791 annexorum
431 1769 525 1792 veros
544 1769 668 1791 annuos
680 1760 814 1800 valores,
827 1760 895 1793 illo-

147 1821 285 1856 rumque
294 1811 439 1844 omnium
450 1818 479 1844 et
487 1812 687 1854 singulorum
696 1812 857 1846 bonorum
867 1819 897 1846 et
915 1843 918 1856 Ι

147 1865 897 1909 rerumqualitates,situationes,eontines‚voea-

147 1918 261 1952 bulaet
274 1919 552 1952 denominationes
568 1920 761 1963 praesentib.
774 1931 833 1964 pro
845 1932 896 1954 ex-

147 1972 437 2016 pressishabentes,
455 1973 640 2006 huiusmodi
656 1973 897 2017 supplicationi-

146 2024 372 2066 businctinatt,
385 2026 616 2059 monasterium
634 2027 847 2069 praedictum,
859 2039 896 2061 ae

146 2077 229 2111 ineo
246 2077 367 2111 dietum
381 2077 531 2111 Ordinem
550 2090 712 2122 omnemq.
729 2080 815 2113 illius
836 2086 897 2113 sta-

146 2135 227 2171 tum,
240 2131 485 2175 dependentiam
499 2139 527 2165 et
539 2133 707 2166 essentiam
720 2135 894 2176 regulares,

147 2185 322 2228 apostolica
332 2186 532 2226 auctoritate,
542 2193 653 2220 tenore
664 2188 847 2230 praesentio
853 2199 894 2227 m,

146 2238 380 2282 supprimimus
405 2245 435 2273 et
454 2241 691 2283 extinguiinus;
716 2252 842 2274 necnon
863 2242 894 2274 in
913 2210 917 2284 Ι

146 2291 202 2325 illo
227 2291 362 2334 eiusque
381 2293 542 2333 domibus,
564 2293 720 2326 aedificiis
740 2294 894 2327 etadhae-

146 2399 408 2442 presbyterorum
430 2399 627 2441 regularium
642 2399 809 2432 Societatis
831 2399 892 2431 liu-
913 2392 916 2430 l

146 2446 300 2487 iusmodi,
321 2457 380 2490 per
399 2457 498 2479 unum
513 2452 682 2487 rectorem,
697 2448 782 2480 iuxta
795 2447 895 2491 ipsius
913 2431 916 2495 i

147 2494 314 2529 Societatis
333 2494 422 2537 pium
450 2495 645 2536 institutum,
668 2496 843 2538 regendum
864 2503 895 2529 et

149 2543 452 2583 administrandum,
484 2554 557 2576 cum
589 2544 739 2577 omnibus
764 2545 894 2588 privile-

149 2593 222 2636 giis,
243 2593 512 2633 immunitatibus,
541 2593 780 2636 praerogativis,
809 2594 894 2626 saro-

951 259 1006 282 xut
1026 259 1071 282 rr.
1589 248 1653 282 lili-“i

954 311 1186 355 temporalibus
1205 313 1325 351 gratiis,
1348 312 1465 355 quibus
1482 311 1540 345 alia
1553 311 1698 344 eiusdem

953 364 1119 397 societatis
1148 367 1295 405 collegia,
1322 366 1449 399 illorum
1466 376 1516 409 ius*
1544 370 1695 405 rectores,

952 417 1075 455 cleriei,
1099 419 1273 461 presbyteri
1295 424 1324 451 et
1344 419 1423 451 aliae
1445 429 1599 462 personae
1619 428 1699 462 quo-

952 471 1283 511 modolibetutuntur,
1307 472 1474 514 potiuntur
1489 477 1519 504 et
1543 473 1695 513 gaudent,

950 524 1054 563 acuti,
1073 525 1166 568 potiri
1181 530 1207 557 et
1220 524 1358 567 gaudere
1367 530 1496 567 possunt
1507 525 1550 556 vel
1563 534 1698 557 consue-

949 583 1060 609 verunt
1073 583 1126 610 aut
1138 578 1319 610 infuturum
1333 582 1496 621 poterunt,
1507 577 1696 611 auctoritate

949 637 979 663 et
998 636 1110 664 tenore
1131 630 1314 673 praedietis,
1337 631 1431 663 etiam
1455 630 1696 675 perpetuoffri-

948 684 1058 726 gimus
1078 691 1108 717 et
1127 685 1332 717 instituimus.

992 738 1006 781 ἓ
1025 738 1057 770 lt.
1078 738 1191 781 Illique
1217 738 1261 771 sic
1286 743 1393 770 erecto
1414 742 1441 769 et
1463 737 1617 777 instituto,
1635 748 1693 781 pro

947 790 1016 823 eius
1035 792 1108 825 dote
1133 803 1170 824 ao
1191 802 1326 825 onerum
1347 791 1450 823 eidem
1472 802 1529 834 pro
1549 797 1693 834 tempore

946 844 1206 879 incumbentium
1227 844 1484 888 supportatione,
1507 844 1624 877 dietam
1639 855 1692 878 ec-

946 898 1074 932 clesiam
1093 899 1124 933 S.
1147 899 1267 939 Iacobi,
1281 908 1355 932 cum
1367 897 1517 930 omnibus
1532 903 1562 930 et
1581 898 1692 941 singu-

945 950 983 984 lis
1000 951 1088 985 illius
1103 951 1243 995 dictique
1255 951 1418 995 suppressi
1428 950 1612 984 monasterii
1623 962 1692 984 am-

944 1005 1026 1045 bitu,
1050 1005 1200 1045 circuitu,
1223 1005 1385 1045 domibus,
1408 1005 1575 1045 aedificiis,
1590 1015 1692 1038 mem-

943 1059 1023 1099 bris,
1036 1059 1267 1099 adhaerentiis,
1278 1058 1422 1099 annexis,
1433 1058 1528 1097 villis,
1541 1058 1691 1102 praediis,

943 1112 1049 1153 terris,
1076 1113 1170 1156 agris,
1184 1111 1452 1156 possessionibus,
1475 1111 1598 1152 insulis,
1618 1112 1691 1144 sun-

942 1166 1120 1208 dis,vineis,
1133 1165 1583 1207 censibus,iurisdictionthus,
1593 1165 1688 1206 silvis,

941 1220 1279 1263 pascuis,hortaliciis,
1291 1219 1435 1260 decimis,
1453 1219 1622 1259 fructibus,
1644 1229 1692 1252 re-

941 1272 1691 1318 ditibus,proventibus,iuribuS,aetionibus‚ob-

939 1326 1691 1371 ventionibus,emolumentis,pertinentiiscete—

940 1381 1048 1424 risque
1061 1382 1247 1423 mobilibus,
1260 1380 1479 1414 immobilibus
1486 1386 1689 1413 etsemoven-

939 1435 1066 1467 tibusae
1074 1435 1168 1468 etiam
1183 1435 1364 1468 fendalibus
1371 1441 1401 1468 et
1408 1434 1688 1474 allodialibus,tam

939 1488 1025 1522 intus
1036 1499 1133 1532 quam
1144 1495 1231 1522 extra
1240 1489 1399 1522 civitatem
1408 1488 1591 1531 Rigensem,
1613 1488 1687 1522 ubi-

939 1541 1027 1582 libet,
1041 1543 1137 1576 etiam
1149 1542 1182 1575 in
1193 1543 1321 1576 Livonia
1331 1548 1362 1575 et
1373 1541 1547 1576 Curiandia
1560 1552 1615 1575 seu
1633 1542 1688 1575 Se-

939 1596 1088 1639 migalea,
1109 1595 1302 1636 constitutis,
1314 1601 1423 1630 ettam
1439 1607 1477 1629 ex
1501 1595 1687 1629 fundatione

938 1649 1446 1693 quamdictiSebastianieiusque
1461 1649 1687 1693 praedecesso-

918 1707 919 1712 ’
937 1713 1009 1735 rum
1019 1703 1160 1736 Polonize
1168 1714 1280 1746 regum
1289 1713 1415 1736 necnon
1422 1703 1564 1736 ecclesi-„ze
1572 1702 1687 1745 Rigen-

937 1757 980 1790 sis
992 1758 1179 1801 praesulum
1197 1763 1229 1790 et
1245 1757 1542 1790 administratorum
1552 1767 1588 1789 ac
1606 1756 1684 1789 alio-

937 1821 1010 1843 rum
1022 1821 1304 1854 quorumcumque
1313 1810 1683 1850 dotatione,donati0ne,

915 1857 918 1875 ²
936 1860 1119 1903 largitione,
1133 1860 1343 1894 concessione
1361 1861 1409 1893 vel
1430 1859 1507 1892 alias
1526 1869 1684 1902 quocum-

936 1925 1000 1959 que
1011 1915 1092 1955 iure,
1115 1915 1208 1948 titulo
1233 1920 1265 1947 et
1279 1923 1386 1953 causa,
1397 1913 1436 1945 ad
1453 1912 1684 1945 monasterium

936 1979 1144 2013 suppressum
1167 1974 1197 2001 et
1213 1966 1381 2000 eeclesiam
1402 1965 1550 1999 S.laoobi
1569 1965 1683 1998 huius-

936 2023 1024 2056 modi
1060 2022 1278 2065 spectantibus
1302 2026 1333 2054 et
1364 2020 1616 2064 pertinentibus,
1654 2028 1684 2053 et

936 2077 1124 2121 praesertim
1146 2076 1250 2109 eidem
1278 2084 1449 2118 suppresso
1474 2073 1680 2114 monasterio,

935 2141 1001 2163 non
1026 2131 1068 2163 ita
1088 2129 1211 2174 pridem
1237 2129 1276 2161 ab
1303 2129 1372 2171 ipso
1396 2126 1583 2160 Sebastiano
1607 2136 1682 2169 rege

935 2184 1102 2223 restitutis,
1120 2193 1298 2225 eorumque
1318 2181 1514 2224 proprietate
1534 2185 1564 2212 et.
1579 2179 1682 2213 domi-

935 2238 1002 2277 nio,
1030 2238 1262 2280 cuiuscumque
1282 2234 1452 2278 qualitatis,
1478 2233 1680 2277 quantitatis,

936 2291 1029 2335 pretii
1051 2297 1082 2324 et
1100 2290 1215 2323 valoris
1235 2289 1332 2322 annui
1353 2288 1427 2327 sint,
1449 2293 1480 2320 et
1504 2286 1535 2318 in
1547 2286 1680 2330 quibus-

936 2355 1076 2388 cumque
1100 2344 1210 2383 rebus,
1237 2343 1329 2375 etiam
1351 2342 1397 2375 rei
1422 2340 1578 2374 vocabulo
1593 2339 1680 2373 latis-

935 2398 1014 2431 sime
1034 2403 1172 2440 sumpto,
1193 2393 1397 2434 consistant‚'
1412 2394 1453 2427 'lta
1477 2394 1564 2437 quod
1588 2393 1682 2427 liceat

935 2447 1035 2490 ipsius
1067 2445 1192 2488 collegii
1220 2444 1337 2477 reetori
1362 2454 1420 2488 pro
1446 2449 1590 2486 tempore
1615 2443 1680 2476 exi-

936 2495 1029 2529 stenti
1056 2495 1184 2527 illorum
1214 2493 1358 2526 omnium
1384 2492 1585 2536 corporalem
1609 2502 1681 2535 pos-

935 2545 1125 2584 sessionem,
1163 2554 1219 2586 per
1249 2553 1281 2575 se
1309 2542 1357 2575 vel
1387 2541 1485 2575 alium
1511 2551 1567 2574 seu
1587 2541 1677 2581 alios,

937 2593 1012 2625 dieti
1034 2592 1159 2635 rollegii
1180 2591 1322 2629 nomine,
1336 2591 1467 2634 propria
1480 2590 1679 2624 auctoritate,

168 2634 240 2676 ibus
259 2642 440 2685 ceterisque
470 2648 534 2675 tarn
553 2642 774 2686 spiritualibus
797 2653 894 2686 quam
912 2639 918 2681 j
935 2642 1031 2674 etiam
1056 2641 1177 2684 absque
1196 2639 1522 2673 iudicismandatovel
1537 2639 1679 2678 decreto,

1712 255 1762 283 Αη.
1780 255 1799 283 C
1827 256 1894 284 1584

1721 744 1841 771 nesignauo
1856 746 1898 767 dn:

1708 777 1734 796 tis
1763 783 1800 803 pio
1823 778 1891 803 ipsiu!

1707 807 1889 829 substentatione.
