2059 3228
49 245 68 265 ά
84 236 150 264 ¹⁵³⁰
759 238 934 266 canussnus
954 239 1006 264 un
1028 239 1071 263 rr.
1577 229 1640 263 237,
1695 228 1732 252 An
1762 225 1797 260 [c.
1822 226 1885 253 1:275*

156 294 217 330 hus
237 300 404 341 potentum
430 300 457 328 ct
482 300 666 337 magnatum
691 299 900 336 extorquere:
942 302 959 322 a
979 302 1043 334 qua
1064 302 1125 323 non
1149 292 1206 324 nisi
1230 303 1284 335 per
1301 293 1592 326 110÷a111n0manos
1604 293 1685 325 Pon-

158 358 228 389 nos,
244 348 432 392 'praemissis
452 348 491 380 (lc
513 348 622 390 aliquo
642 352 826 391 opportuno
850 355 900 377 rc·
942 344 1044 377 tifices
1075 354 1132 387 pro
1158 351 1300 387 tempor-1·
1330 345 1510 384 existentes,
1546 351 1686 390 praeter-

156 401 262 435 medio
278 400 446 444 providere
480 401 633 440 volentes,
656 404 745 432 motu
770 397 901 441 proprio
942 407 1038 440 quam
1059 397 1090 428 in
1111 397 1221 429 rnortis
1249 398 1385 431 articulo
1420 398 1596 438 constituti,
1630 398 1687 431 ab-

141 460 186 487 -ct
208 463 247 488 ex
265 458 352 486 certa
377 453 522 492 scicntia,
559 462 671 486 ornnes
704 456 734 484 et
757 450 900 493 singulos
941 450 1018 482 solvi
1038 456 1212 493 nequeant,
1235 450 1437 483 innodamus.

45 495 258 541 uffldictae
286 506 547 549 congregationis
575 505 762 543 monachos,
794 503 899 536 cuius·
983 502 1048 546 §2
1071 502 1284 536 Dec-eruentes
1305 504 1481 537 monachos
1515 504 1685 547 dignitates
1756 529 1882 549 omum?

51 544 421 602 '’''sscumqueactatiffi
435 556 780 602 gradus‚conditionis‚
801 565 910 599 prwe-v
940 560 995 587 aut
1010 555 1116 588 officia
1135 554 1318 587 liuius-modi
1332 556 1518 595 ambientes,
1543 557 1787 590 511⁰mm,0mun.
1797 563 1834 575 ⁴²⁰·
1844 561 1876 580 ¹³¹¹

47 597 123 620 'm'
153 611 327 646 minentiae
347 618 377 645 et
392 612 590 654 litteraturae
606 610 900 651 existentcsetqua-
939 619 1000 651 que
1019 608 1159 641 fautores
1186 614 1213 640 et
1245 609 1432 651 complices,
1453 610 1492 641 ad
1518 587 1868 651 quascum-chdsoenmn

153 674 291 709 cumque
315 665 469 708 dignitate
500 664 748 709 praefulgentes,
770 662 837 705 qni,
860 662 899 694 ad
938 673 1001 706 que
1024 661 1237 705 p1·aelatu1·a;‹‚
1259 661 1428 703 dignitates
1449 668 1479 694 et
1498 664 1604 695 ot'licia
1623 663 1687 706 spi-

151 718 362 768 praelaturas‚
385 723 450 750 tam
471 717 609 751 maiores
628 726 724 759 quain
745 716 898 755 minores
939 715 1068 747 ritualia
1088 715 1136 747 vel
1158 715 1360 757 temporalia,
1384 721 1411 747 et
1438 717 1624 758 praesertim
1653 717 1683 748 in

152 776 183 804 et
201 770 263 804 alia
282 780 507 814 quaecumque
536 776 566 804 et
591 769 898 813 quomodocumque
938 768 1007 812 ipsa
1026 767 1276 810 congregatione
1297 767 1428 800 obtenta
1449 774 1475 800 ct
1497 769 1681 807 obtinenda,

151 831 339 868 nuncupata
363 824 470 857 officia
500 823 604 857 dictae
639 821 898 865 congregationis
938 826 1095 865 perpetuo
1115 820 1286 860 inhabiles,
1303 826 1331 853 et
1358 819 1561 863 praiddturis,
1582 823 1684 862 diani-

150 876 349 920 assequenda
368 875 494 916 intenti,
516 876 555 909 ad
581 875 764 919 principum
786 886 898 908 saccu-
939 875 1067 915 tatibus‚
1089 874 1425 907 administrationibus
1444 875 1491 907 vel
1512 876 1624 907 oflicii>
1646 886 1683 906 vo

150 929 269 963 larium
306 930 354 963 vel
391 928 685 962 ecclesiasticorum
722 928 898 961 aliorumve
938 929 1007 972 ipso
1027 928 1179 972 privatos,
1202 933 1298 971 prout
1335 938 1393 959 nos
1413 927 1508 960 etiam
1538 939 1591 961 eos
1622 929 1684 971 pri-

151 983 369 1027 praelatorum
393 987 450 1015 aut
468 992 678 1026 personarum
704 982 742 1014 de
773 982 897 1025 gremio
916 972 1060 1021 ivamus,
1083 992 1118 1014 ac
1138 991 1216 1014 voce
1236 986 1300 1012 tam
1321 980 1421 1013 activa
1439 991 1536 1023 quarn
1564 982 1681 1023 pas-sira

148 1035 256 1070 dictae
274 1035 532 1079 congregationis
552 1046 616 1068 non
634 1036 835 1069 existentium
854 1037 897 1069 sa·
938 1045 1066 1074 carere;
1088 1044 1216 1067 necnon
1247 1033 1421 1066 electiones
1452 1039 1480 1066 ct
1511 1035 1684 1076 proi‘notio-

149 1099 255 1128 vores,
280 1099 339 1133 per
356 1099 389 1122 se
409 1089 494 1133 ipsos
518 1094 574 1122 aut
596 1088 799 1133 interpositas
824 1101 898 1133 per·
936 1098 994 1121 nes
1013 1087 1075 1127 sic,
1104 1093 1139 1120 ut
1173 1087 1364 1130 praefertur,
1394 1086 1510 1119 iniuste
1542 1092 1572 1119 et
1593 1087 1682 1118 ind.»-

150 1153 256 1184 sonas,
273 1142 489 1182 recurrerint,
511 1143 559 1175 vel
579 1142 674 1176 etiam
694 1143 806 1187 pactis,
827 1144 898 1187 pol·
936 1141 1001 1174 bite
1015 1146 1151 1174 extortas
1164 1141 1340 1178 autsactas‚
1354 1139 1685 1182 nulla>-i1u·a'1i‹las‹1n‹-.

149 1195 381 1229 licitationibus
399 1195 537 1239 aliisque
551 1195 621 1235 viis⁷
643 1195 762 1229 directe
784 1197 831 1229 vel
852 1197 899 1229 in·
937 1205 1004 1228 esse
1025 1200 1056 1228 et
1075 1195 1226 1227 adversus
1246 1204 1311 1231 eos,
1334 1193 1389 1237 qui
1410 1193 1458 1226 his
1481 1193 1586 1225 minus
1610 1194 1686 1233 Ιιιμί-

150 1249 287 1287 directe‚
309 1249 416 1292 palam
440 1249 488 1282 vel
509 1249 648 1288 occulte,
667 1249 707 1282 ad
728 1249 919 1300 dignitates(
937 1248 1022 1282 timis
1057 1247 1233 1280 rationibus
1264 1247 1303 1280 ad
1333 1246 1561 1290 quodcumque
1605 1246 1686 1287 regi-

149 1312 208 1336 seu
227 1302 335 1335 officia
354 1302 387 1335 in
406 1302 518 1335 eadem
539 1303 789 1345 congregatione
813 1304 898 1336 obti-
938 1313 1011 1335 rnen
1031 1308 1086 1334 aut
1106 1301 1249 1334 officium
1270 1311 1303 1333 se
1323 1300 1398 1342 eligi
1418 1300 1466 1332 vel
1486 1300 1605 1332 assumi
1627 1300 1682 1332 ob-

114 1378 116 1381 v
150 1354 256 1388 nenda
274 1355 496 1398 aspiraverint,
518 1355 566 1388 vel
587 1355 656 1388 aliis
683 1356 789 1389 minus
822 1354 1109 1400 legi-2tin11e1·int,
1151 1365 1209 1398 per
1246 1354 1392 1387 eiusdem
1425 1352 1683 1395 congregationis

151 1407 236 1442 timis
255 1414 286 1441 et
307 1408 450 1442 honestis
476 1408 654 1442 rationibus
684 1419 721 1442 ea
754 1410 898 1443 obtinere
916 1411 918 1438 i
936 1407 1119 1451 superiores
1139 1407 1410 1450 quandocumque
1431 1406 1574 1449 procedi,
1593 1412 1620 1438 et
1638 1405 1682 1439 rei

149 1461 358 1506 quaesierint,
379 1461 574 1504 illorumque
594 1462 769 1506 complices
784 1469 813 1496 et
832 1464 899 1496 sau-
915 1452 920 1522 i
936 1461 1081 1500 veritate,
1104 1460 1199 1493 etiam
1220 1469 1278 1502 per
1304 1459 1423 1492 indicia
1443 1465 1471 1491 et
1502 1459 1684 1501 probabiles

149 1519 248 1554 tores,
274 1525 401 1548 necnon
421 1525 533 1548 ornnes
553 1515 657 1548 dictae
677 1517 898 1559 congregatio·
937 1514 1149 1553 coniecturas,
1169 1513 1428 1555 legitirnetamen
1449 1512 1588 1551 connita,
1606 1522 1682 1544 con-

149 1567 202 1601 nis
220 1568 409 1605 monachos,
431 1568 528 1601 etiam
556 1568 686 1601 abbates
718 1570 895 1612 generales,
936 1568 1042 1611 dignis
1062 1567 1185 1612 poenis,
1221 1573 1384 1610 tamquam
1420 1566 1550 1609 publice
1579 1566 1684 1598 dictae

151 1619 331 1654 visitatores
365 1626 397 1654 et
425 1621 572 1661 vicarios,
598 1621 653 1664 qui
674 1632 732 1664 pro
753 1627 897 1666 tempore
937 1620 1194 1664 congregationis
1215 1620 1331 1663 qnietis
1363 1620 1614 1663 perturbatores³
1641 1619 1683 1651 as-

151 1673 302 1716 regimini
335 1673 440 1707 dictae
469 1674 727 1717 congregationis
754 1675 897 1719 deputati
936 1674 989 1707 fici
1009 1684 1103 1718 posse
1121 1680 1149 1706 et
1167 1673 1298 1706 dehere.

151 1732 258 1768 erunt,
284 1727 396 1769 quovis
406 1726 453 1759 illi
472 1727 566 1760 titulo
586 1727 806 1770 designentur,
826 1729 897 1772 qui·
981 1728 995 1771 g
1015 1726 1046 1760 3.
1069 1727 1106 1759 Et
1125 1727 1168 1759 ita
1188 1736 1246 1769 per
1264 1734 1486 1768 quoscumque
1507 1724 1628 1758 iudices
1653 1730 1683 1757 et
1730 1729 1856 1750 cimam.

151 1777 213 1813 bus
232 1780 328 1814 etiam
347 1780 381 1813 in
399 1781 514 1813 virtute
539 1786 668 1814 sanctae
697 1782 898 1817 obedientiae
937 1780 1186 1819 commissarios,
1208 1779 1319 1821 quavis
1339 1778 1528 1811 auctoritate
1547 1777 1681 1820 fungen-

152 1843 193 1866 ne
211 1833 244 1866 id
267 1833 385 1866 saciant
408 1833 586 1866 districtius
615 1833 817 1875 inhibemus,
842 1836 897 1878 qui
935 1840 993 1873 tes,
1017 1833 1112 1866 etiam
1133 1843 1303 1866 causarum
1315 1831 1426 1864 Palatii
1442 1830 1683 1874 Apostoliciau-

150 1885 277 1930 aliquos
311 1886 475 1930 precibus,
514 1886 628 1920 litteris
661 1892 716 1919 aut
739 1887 899 1921 favoribus
937 1887 1068 1923 ditores.
1097 1887 1145 1920 vel
1167 1892 1294 1918 sanctae
1329 1885 1489 1917 Romanae
1523 1884 1683 1916 Ecclesiae

151 1938 336 1984 principum
356 1939 404 1972 vel
424 1939 642 1983 praelatorum
676 1945 730 1972 aut
759 1941 896 1973 aliorum
938 1940 1129 1979 cardinales,
1159 1939 1283 1971 sublata
1299 1937 1343 1969 cis
1365 1943 1395 1969 ct
1415 1947 1526 1969 eorum
1549 1936 1682 1968 cuilibet

151 1996 240 2025 extra
258 1991 379 2025 dictum
406 1992 566 2035 gremium
600 1992 815 2033 existentium,
844 2005 899 2027 cu-
937 1994 1047 2037 quavis
1079 1993 1171 2026 aliter
1194 1992 1358 2024 iudicandi
1388 1997 1417 2022 et
1450 1989 1682 2032 interpretandi

151 2043 343 2088 iuscumque
379 2045 509 2087 gradus,
542 2050 654 2085 status,
690 2046 814 2080 ordinis
850 2048 898 2080 vel
937 2046 1087 2079 facultate
1107 2051 1138 2078 et
1159 2044 1358 2081 auctoritate,
1388 2042 1521 2074 iudicari
1542 2047 1572 2074 et
1596 2041 1681 2074 disti-

152 2097 415 2142 praeeminentiae
443 2099 574 2139 fuerint,
608 2099 705 2132 etiam
729 2099 754 2132 si
774 2100 897 2144 episco-
937 2099 1000 2132 niri
1020 2099 1154 2137 debere3
1177 2098 1304 2130 irritum
1324 2105 1453 2138 quoque
1479 2100 1509 2127 et
1529 2095 1637 2133 inane,
1655 2095 1681 2127 si

152 2150 231 2193 pali,
263 2151 530 2195 archiepiscopali
550 2152 598 2185 vel
623 2152 832 2196 patriarchali
853 2154 898 2187 di·
937 2163 1029 2186 secus
1049 2162 1145 2195 super
1165 2150 1214 2183 his
1243 2161 1260 2182 a
1285 2158 1459 2193 quoquam,
1490 2147 1597 2189 quavis
1623 2158 1681 2180 au-

152 2203 274 2245 gnitate
292 2214 349 2237 seu
373 2204 588 2238 cardinalatus
606 2205 729 2239 honore
742 2233 750 2246 ‚
777 2207 826 2239 vel
847 2218 896 2240 re-
938 2205 1094 2244 ctoritate,
1117 2204 1254 2237 scienter
1273 2203 1320 2235 rel
1339 2201 1683 2244 ignorantcncontige-

152 2255 230 2299 gali,
267 2256 428 2300 imperiali
461 2268 517 2290 seu
554 2258 661 2290 ducali
703 2259 897 2292 sublimitate
938 2259 977 2291 rit
998 2257 1158 2290 attentari.

153 2314 357 2353 censeantur,
376 2309 518 2349 adducti,
540 2321 595 2343 seu
606 2312 808 2354 quospactis,
828 2314 897 2355 pol·
982 2312 995 2353 ξ
1016 2310 1046 2342 4.
1070 2310 1138 2342 Non
1157 2308 1356 2341 obstantibus
1371 2307 1534 2350 quibusvis
1553 2314 1681 2350 aposto·
1698 2349 1704 2354 „
1775 2315 1889 2346 Ducenio

153 2361 383 2394 licitationibus
401 2367 457 2394 aut
474 2361 544 2394 aliis
563 2363 823 2406 quibuscumque
841 2365 899 2396 mi-
913 2360 923 2657 Ι
938 2364 1008 2397 licis
1025 2375 1059 2396 ac
1083 2364 1115 2395 in
1136 2361 1385 2406 provincialibus
1415 2366 1447 2393 et
1475 2346 1860 2404 synodalibusmmranmm'

153 2423 215 2446 nus
237 2413 387 2456 legitimis
406 2413 464 2446 viis
483 2415 606 2447 ambire
634 2422 690 2448 aut
721 2422 898 2458 procurare
938 2417 1082 2450 conciliis
1103 2416 1206 2452 editis,
1228 2414 1432 2456 generalibus
1454 2414 1502 2446 vel
1532 2413 1680 2457 speciali-

152 2462 382 2504 compererint,
403 2462 444 2494 ad
464 2461 601 2495 cuiusvis
628 2464 754 2505 generis
775 2465 897 2507 praela·
937 2466 1009 2503 bus,
1032 2463 1312 2497 constitutionibus
1344 2468 1375 2495 et
1405 2461 1679 2498 ordinationibns;

154 2514 254 2550 turas,
272 2509 451 2552 dignitates,
474 2510 590 2546 officia,
608 2511 898 2545 administrationes
938 2525 973 2547 ac
987 2511 1244 2556 congregationis
1255 2510 1677 2555 etOrdiuispraedictorum,

154 2562 187 2590 et
205 2558 321 2600 gradus
339 2569 530 2602 promovere
541 2560 827 2604 praesumpserint,
851 2561 895 2593 la-
939 2562 1133 2600 iuramento,
1161 2559 1406 2592 confirmatione
1433 2559 1609 2603 apostolica
1633 2560 1680 2591 vel

153 2616 238 2649 queo
257 2607 596 2641 excommunicationis
617 2607 697 2642 latae
712 2608 897 2650 sententiae,
939 2609 1049 2653 quavis
1069 2608 1219 2642 firmitate
1239 2608 1300 2641 alia
1319 2607 1489 2649 roboratis,
1507 2608 1632 2641 statutis
1651 2614 1683 2640 ct
