2059 3228
94 285 146 312 Au,
164 283 193 312 c,
212 284 278 312 1587
341 272 403 305 8013
891 275 1070 300 urrunnun
1089 273 1255 308 nonaumr
1851 273 1906 301 An,
1930 264 1960 302 (ξ,

295 346 311 365 υ
334 343 431 373 regno
453 332 520 371 illo,
542 330 629 374 quod
654 339 719 363 non
740 328 782 362 ita
806 328 930 362 dudum
956 326 1043 361 omni
1063 326 1153 366 tQuo
1173 337 1263 366 casu,
1289 336 1326 359 ac
1345 324 1441 359 etiam
1477 325 1530 358 ubi
1559 325 1655 360 iidem
1679 326 1834 360 ordinarii

295 386 540 419 christianarum
568 384 721 417 virtutum
749 393 867 427 genere
896 382 1042 422 florebat,
1064 374 1257 414 'collatores
1277 389 1335 423 per
1355 390 1407 412 sex
1429 389 1554 412 menses
1579 389 1596 412 a
1620 379 1671 413 die
1691 381 1835 414 detectae

293 443 336 472 et,
360 435 528 467 adiuvante
541 433 690 473 Domino,
714 433 809 466 etiam
830 433 1043 476 inposterum
1064 465 1066 471 ,
1085 439 1115 467 et
1137 433 1365 477 comprobatae
1379 443 1435 466 seu
1447 432 1610 466 convictae
1624 433 1835 467 confidentiae

294 488 430 524 florebit,
453 487 628 520 tollendam
650 497 685 519 ac
720 497 853 531 prorsus
878 486 1046 519 eliminan-
1085 478 1257 520 beneficia
1276 487 1355 530 ipsa,
1386 492 1422 523 ut
1454 486 1646 530 praefertur,
1679 487 1833 528 vacantia,

295 543 380 581 dani,
403 541 652 584 animarumque
673 540 767 573 saluti
789 540 820 572 in
837 540 949 583 primis
971 549 1046 571 cun-
1086 541 1240 574 canonice
1267 541 1415 573 conferre
1440 545 1470 572 et
1502 540 1541 573 de
1575 539 1638 572 illis
1668 540 1835 583 providere

294 596 399 627 sulere
420 595 573 635 volentes,
596 594 748 627 omnibus
767 599 798 627 et
817 593 952 636 singulis
969 592 1045 624 dicti
1086 593 1541 637 neglexerint,beneficiorum
1561 594 1750 626 eorumdem
1771 594 1837 627 col-

296 648 385 691 regni
404 647 655 692 archiepiscopis
674 653 704 681 et
724 647 896 691 episeopis,
919 657 1047 679 eorum·
1066 617 1162 696 llatio
1183 654 1213 681 et
1234 647 1373 692 provisio
1393 648 1433 680 ad
1456 647 1620 690 proximos
1653 647 1836 690 superiores

296 712 358 745 que
391 701 596 742 officialibus,
628 706 658 735 et
689 701 728 734 ad
753 711 833 745 quos
859 701 897 734 de
932 700 1000 733 iure
1017 704 1047 732 et
1086 702 1282 735 devolvatur.
1309 701 1396 740 Quae
1424 712 1498 734 vero
1518 701 1675 734 beneficia
1699 701 1738 734 de
1766 701 1836 734 iure

297 755 531 789 consuetudine
570 755 727 799 pertinet,
769 765 828 799 per
866 759 1048 798 praesentes
1086 762 1274 800 patronatus
1299 755 1457 788 laicorum
1478 754 1610 795 fuerint,
1637 754 1675 788 ad
1709 765 1838 788 eorum-

297 810 500 850 mandamus,
529 820 567 843 ac
587 810 647 842 sub
668 808 929 842 interminatione
951 807 1048 840 divini
1087 810 1158 843 dem
1185 816 1396 854 patronorum
1417 809 1722 853 praesentationem,
1745 808 1838 842 dum-

299 863 409 896 iudicii
438 862 615 896 districtius
635 862 835 906 iniungimus
867 867 900 894 ut
928 861 959 893 iu
985 860 1050 893 suis
1086 864 1181 896 modo
1207 863 1239 896 in
1257 863 1393 896 erimine
1413 862 1601 895 huiusmodi
1633 872 1698 895 non
1718 862 1837 896 fuerint

297 916 433 960 quisque
458 917 615 957 ecclesiis,
638 917 832 954 civitatibus,
849 915 1051 949 dioecesibus
1069 930 1072 990 ἱ
1089 917 1279 962 partecipes,
1303 915 1454 950 conferri.
1478 916 1520 949 De
1540 915 1683 948 ecclesiis
1702 925 1776 949 vero
1800 925 1837 948 ac

300 977 328 1003 et
366 970 458 1011 loeis,
485 971 581 1004 etiam
616 969 782 1014 exemptis,
814 970 851 1002 ad
887 969 1051 1013 praedicta
1069 994 1071 1022 1
1089 970 1290 1003 monasteriis
1309 970 1446 1012 aliisque
1467 969 1631 1002 beneficiis
1648 968 1839 1002 ecclesiasti-

300 1025 442 1058 studiose
461 1024 639 1064 attendant,
653 1023 725 1057 etin
747 1033 812 1064 eos²
830 1033 911 1066 quos
926 1022 957 1054 in
977 1032 1052 1054 con-
1069 1033 1072 1042 ¹
1088 1025 1144 1065 cis,
1182 1024 1220 1057 ad
1247 1023 1405 1057 carissimi
1436 1023 1467 1055 in
1496 1022 1622 1056 Christo
1647 1022 1704 1055 filii
1733 1022 1837 1056 nostri

300 1078 451 1112 fidentiae
469 1078 617 1119 crimine,
643 1077 834 1122 praesertim
850 1076 971 1110 veroin
992 1075 1051 1108 ali-
1090 1077 1217 1111 Hem-ici
1234 1077 1318 1111 tertii
1344 1077 1544 1110 Francorum
1573 1076 1657 1119 regis
1690 1075 1850 1109 christias

300 1143 365 1175 quo
386 1143 421 1165 ex
442 1132 570 1165 casibus
590 1131 739 1175 superius
760 1130 928 1175 expressis,
956 1129 1051 1162 etiam
1090 1131 1211 1164 nissimi
1244 1130 1501 1164 nominationem
1526 1129 1757 1174 spectantibus,
1783 1139 1842 1163 no-

302 1196 359 1229 per
378 1185 659 1230 praesumptiones
684 1190 715 1218 et
739 1184 942 1217 coniecturas
962 1193 1054 1227 prae-
1088 1196 1158 1218 vam
1187 1185 1288 1229 ipsius
1317 1184 1400 1227 regis
1440 1183 1718 1224 nominationem,
1753 1182 1840 1216 iuxta
1864 1198 1871 1202 -

300 1239 412 1280 dietas,
436 1239 608 1283 deliquisse
640 1238 831 1278 constiterit,
852 1247 959 1270 severe
983 1237 1052 1270 ani·
1090 1239 1283 1273 concordata
1294 1249 1352 1272 seu
1372 1237 1497 1270 indulta
1517 1248 1534 1270 a
1553 1237 1634 1270 Sede
1658 1236 1843 1282 Apostolica

301 1293 513 1326 madvertant.
540 1292 616 1333 -Qui,
641 1292 667 1325 si
695 1292 726 1324 in
762 1291 948 1336 praemissis
980 1293 1118 1326 exe-1ei
1139 1302 1302 1333 concessa,
1323 1291 1472 1325 volumus
1490 1290 1663 1335 expectari.
1842 1318 1848 1332 2

301 1346 439 1390 quendis
477 1346 728 1389 negligentiores
765 1345 906 1386 suerint,
940 1355 1054 1378 eorum
1133 1346 1199 1391 {5-
1221 1346 1358 1379 Fructus
1377 1356 1452 1379 vero
1477 1356 1514 1378 ex
1541 1344 1696 1386 ecclesiis,
1727 1354 1842 1378 mona·
1854 1347 1997 1400 ‘nzfuffffiw

302 1400 532 1444 negligentiam
554 1400 699 1444 suppleri
709 1400 890 1432 volumusa
905 1398 1056 1442 capitulis
1073 1397 1195 1440 lsteriis
1215 1405 1245 1433 et
1269 1399 1340 1433 aliis
1363 1399 1529 1433 beneficiis
1555 1398 1735 1442 praedictis
1759 1398 1842 1432 male
1854 1395 1967 1446 nissi-fu„
2012 1413 2014 1415 ·

303 1454 512 1487 ecclesiarum
535 1453 856 1497 metropolitanarum
889 1458 918 1485 et
949 1452 1057 1485 cathe-
1091 1460 1121 1487 et
1146 1453 1288 1486 indebite
1309 1458 1490 1497 perceptos,
1517 1452 1550 1484 in
1569 1462 1667 1485 usum
1686 1463 1723 1486 ac
1746 1462 1842 1496 repa·
1854 1442 1959 1470 ''hm''
1979 1454 1988 1460 ”

304 1506 456 1547 dralium,
478 1517 516 1539 ae
536 1506 632 1539 etiam
661 1506 918 1549 collegiatarum,
942 1505 997 1538 ubi
1018 1505 1056 1538 de
1093 1507 1250 1540 rationem
1271 1507 1494 1546 ecelesiarum,
1517 1505 1790 1539 monasteriorum
1813 1510 1846 1539 et

303 1559 470 1593 beneficiis
489 1559 632 1604 ipsarum
645 1560 890 1602 collegiatarum
905 1559 1057 1592 ecclesia·
1092 1560 1326 1594 beneficiorum
1346 1559 1602 1604 praedictorum,
1616 1558 1845 1603 superquibus

305 1624 378 1646 rum
400 1619 525 1657 agatur,
548 1624 585 1647 ac
606 1613 701 1646 etiam
735 1614 774 1646 ab
804 1613 973 1646 abbatibus
1002 1624 1058 1646 seu
1094 1614 1288 1648 confidentia
1307 1613 1497 1646 huiusmodi
1514 1618 1680 1646 contracta
1704 1617 1736 1646 et
1755 1622 1844 1646 com-

305 1667 469 1711 prioribus
510 1666 736 1700 claustralibus
771 1672 799 1699 et
842 1666 1058 1699 conventibus
1096 1667 1190 1700 missa
1209 1667 1320 1707 suerit,
1342 1677 1401 1711 per
1420 1666 1696 1710 archiepiscopos,
1718 1665 1845 1710 episco-

307 1721 592 1761 monasteriornm,
622 1720 830 1763 aliorumque
858 1719 1058 1762 regularium
1098 1732 1154 1764 pos
1173 1731 1229 1754 sen
1245 1720 1400 1753 officiales
1413 1720 1558 1764 aliosque
1575 1718 1846 1764 praedictoscon·

306 1774 469 1814 locorum,
495 1773 549 1808 ubi
575 1774 614 1807 de
635 1774 825 1807 eorumdem
847 1774 1060 1806 monasterio·
1097 1775 1175 1808 verti
1199 1780 1231 1807 et
1255 1773 1410 1818 applicari
1441 1783 1535 1818 posse
1561 1773 1711 1806 volumus
1730 1783 1767 1806 ac
1790 1771 1855 1806 de?

308 1838 381 1860 rum
415 1838 472 1861 seu
506 1828 653 1860 locorum
685 1827 800 1861 officiis
830 1833 860 1860 et
895 1827 1273 1972 beneficiispeernimus.

309 1882 455 1924 quaestio
481 1881 631 1914 extiterit.
1141 1882 1155 1925 ξ
1186 1882 1216 1915 7.
1244 1881 1436 1926 Magnopere
1464 1881 1629 1914 hortantes
1648 1885 1680 1914 et
1703 1879 1795 1914 enixe
1815 1879 1849 1913 in
1886 1887 1953 1910 nom
1975 1899 1996 1923 .-

354 1935 368 1978 ξ,
388 1935 419 1967 4.
433 1935 470 1967 Et
481 1934 696 1968 nihilominus
711 1934 945 1978 appellationes
957 1945 974 1967 a
988 1945 1062 1967 sen·
1099 1935 1233 1968 Domino
1250 1934 1452 1978 requirentes
1468 1935 1621 1968 eumdem
1636 1944 1746 1977 regem
1765 1933 1850 1967 chri·
1861 1919 1962 1979 {22:245
1975 1930 1978 1931 ⁷

129 1999 296 2034 ipptnmonein
310 1988 428 2029 tentiis,
451 1999 532 2032 quas
553 1994 663 2021 contra
697 1988 921 2032 delinquentes
948 1988 1062 2021 liuius-
1077 1975 1084 1995 ¹
1099 1988 1343 2029 stianissimum,
1365 1993 1400 2021 ut
1427 1998 1523 2022 omne
1543 1987 1698 2029 studium,
1717 1997 1850 2032 operam
1862 1984 1919 2006 Μ’

114 2037 159 2083 22:1¹,
170 2037 298 2084 ,,ξζ“,ῗ,“ζζξ“ζ““
314 2042 400 2075 modi
421 2041 492 2075 fieri
517 2042 700 2085 contigerit,
722 2042 761 2075 ad
783 2043 947 2086 proximos
966 2052 1063 2085 supe·
1078 1998 1085 2087 i
1101 2049 1130 2075 et
1155 2041 1381 2075 auctoritatem
1413 2041 1454 2075 ad
1478 2041 1644 2085 praedicta
1667 2041 1851 2086 peragenda

312 2096 414 2128 riores
432 2096 519 2128 iuxta
538 2095 710 2128 canonicas
730 2095 911 2128 sanctiones
927 2095 1064 2135 devolvi,
1080 2096 1086 2140 ξ
1101 2102 1129 2129 et
1150 2095 1336 2139 exequenda
1348 2102 1513 2140 praestare
1533 2101 1564 2129 et
1583 2094 1742 2139 impertiri
1762 2094 1848 2128 velit.

313 2148 536 2181 executionem
568 2154 676 2181 tamen
709 2149 944 2182 sententiarum
974 2141 1086 2192 prae-l
1145 2149 1160 2193 g
1181 2148 1212 2183 8.
1239 2148 1482 2182 Absolutionem
1515 2154 1624 2182 autem
1656 2159 1675 2181 a
1707 2147 1852 2182 censuris
1887 2157 1984 2194 Absolu-

315 2202 473 2235 dictarum
486 2202 618 2235 minime
640 2202 799 2245 impedire
819 2208 874 2235 aut
888 2202 1063 2236 retardare.
1102 2210 1132 2237 et
1148 2203 1261 2247 poenis
1278 2214 1314 2236 ac
1334 2202 1626 2246 irregularitatibus
1644 2207 1778 2246 propter
1789 2200 1852 2234 cri·
1865 2195 1962 2243 ζζῗξξ
2018 2196 2019 2201 ’

360 2255 374 2297 ἓ
394 2255 424 2287 5.
449 2255 609 2288 Beneficia
620 2266 695 2289 vero
713 2255 882 2289 occasione
902 2255 1068 2288 considen-
1104 2267 1178 2290 men
1203 2256 1417 2290 confidentiae
1442 2255 1628 2289 huiusmo‘di
1648 2254 1853 2299 quomodoli-

145 2314 250 2335 Benofiffl
276 2319 301 2334 ει
318 2308 379 2341 tiae
409 2309 594 2342 huiusmodi
620 2309 660 2341 ad
692 2320 845 2352 praesens
869 2309 1016 2342 vacantia
1039 2314 1084 2342 ct!
1103 2311 1156 2343 bet
1177 2309 1313 2343 incursis
1338 2320 1397 2354 pro
1413 2315 1558 2354 tempore
1578 2309 1725 2342 existenti
1745 2313 1854 2342 nostro

120 2346 159 2367 lior
176 2347 262 2365 crinnue
269 2351 303 2365 u-
320 2363 325 2367 ,

120 2378 188 2397 unna
207 2383 243 2402 ..vr
260 2382 303 2396 or-
320 2373 350 2394 in
371 2368 534 2405 posterum
555 2368 704 2396 vacatura
725 2363 765 2396 ab
786 2363 929 2406 ipsorum
947 2362 1068 2396 benefi-
1085 2380 1090 2405 t
1106 2370 1136 2397 et
1160 2363 1250 2397 Sedis
1282 2363 1486 2407 Apostolicae
1513 2363 1599 2407 apud
1625 2373 1734 2406 regem
1760 2372 1854 2407 prae-

121 2407 304 2463 ‘22¹¹ssffi'0}‚,}¹g‡‡{
320 2416 444 2448 ciorum
477 2417 649 2449 ordinariis
682 2417 902 2455 collatoribus,
935 2416 1228 2463 pei-indesstttctum
1247 2416 1385 2458 Nuncio,
1409 2421 1440 2450 et
1464 2417 1572 2460 quoad
1586 2416 1767 2460 provincias
1795 2414 1854 2448 sub

123 2470 224 2494 induem-
321 2475 357 2496 ac
375 2464 398 2497 si
421 2464 624 2507 dispositioni
644 2465 746 2498 dictae
758 2465 848 2498 Sedis
868 2465 1070 2509 Apostolicae
1087 2468 1093 2519 j
1109 2466 1267 2509 legatione
1279 2466 1484 2499 Avinionensi
1495 2466 1743 2510 comprehensas
1752 2463 1855 2498 eidem

324 2512 455 2544 minime
469 2519 626 2546 reservata
644 2514 789 2555 fuissent,
803 2515 904 2547 libere
916 2515 1069 2555 conferri,
1088 2523 1094 2567 ὓ,
1110 2515 1313 2548 Arinionensi
1337 2515 1466 2558 Legato‚
1493 2525 1568 2548 cum
1585 2515 1736 2548 facultate
1760 2512 1856 2546 etiam

325 2568 355 2592 et
375 2561 413 2594 de
434 2561 496 2594 illis
515 2563 677 2606 provideri
702 2574 795 2607 posse
816 2570 847 2597 et
875 2564 994 2598 debere
1015 2565 1072 2598 de·
1110 2564 1189 2598 a'³‘=s
1209 2563 1452 2607 subdelegandi,
1475 2563 1515 2597 de
1531 2573 1672 2607 quorum
1690 2562 1806 2606 pietate
1825 2565 1858 2592 et

326 2608 500 2649 cernimus,
525 2610 603 2643 dum
633 2616 739 2644 tamen
759 2612 871 2644 talium
897 2613 1072 2646 criminum
1111 2612 1283 2657 prudentia
1302 2612 1402 2656 magis
1413 2611 1586 2652 confidant,
1599 2622 1657 2655 per
1675 2614 1858 2657 praesentes

328 2657 499 2702 participes
519 2663 572 2692 aut
591 2660 828 2694 consentientes
848 2670 913 2694 non
941 2661 1070 2711 luerint.
1108 2661 1344 2711 ¹committimus
1362 2666 1393 2695 et
1415 2661 1658 2695 demandamus.

1973 2780 2001 2865 -ffj‘v
