2059 3228
142 234 185 263 Λα
211 236 239 264 C.
258 237 325 266 ¹585

150 1220 188 1241 rea
192 1220 252 1242 elatis
273 1222 304 1243 in-

121 1251 150 1271 ἱυι
151 1254 188 1276 igit.
218 1256 238 1271 ut
268 1253 292 1273 oh
294 1264 307 1268 -

136 1281 204 1302 wrm-i
220 1281 241 1302 [a
243 1284 306 1308 ciau1;

153 1777 301 1806 Tramsumptis

117 1813 175 1830 credi
189 1811 255 1831 iubet.

382 228 444 261 646

336 290 455 323 Nicolai
485 288 604 331 dignis,
638 293 793 330 quantum
825 290 934 319 nostra
963 286 1083 329 patitur

336 338 515 377 infirmitas,
550 332 735 369 bonoribus.
753 336 906 368 decorare
926 335 1078 374 volente&

335 387 394 418 hac
411 385 568 429 praesenti
582 391 689 418 nostra
703 384 930 417 constitutione
948 384 1080 416 manda-

334 446 405 467 mus
435 440 469 467 ut
495 434 637 467 ciusdem
671 434 704 466 B.
733 433 853 466 Nicolai
888 433 1080 466 confessoris

332 483 462 525 gloriosi
482 484 550 516 dies
586 484 683 516 festus
716 493 746 515 lv
779 483 851 515 idus
889 482 1079 526 septembris

332 532 384 574 pie
410 538 541 573 agatur,
572 531 758 575 duplicique
787 531 920 575 posthac
952 536 982 563 et
1006 541 1079 574 pro-

334 581 414 623 prio,
433 587 463 613 et
490 581 543 613 ubi
565 581 696 625 propria
716 591 781 613 non
803 586 909 620 crunt,
932 580 971 612 de
991 590 1078 613 com-

330 629 420 661 muni
453 630 673 663 consessorum
707 639 771 663 non
800 629 990 673 pontificum
1011 629 1079 662 ossi-

330 677 397 717 cio,
432 689 489 721 per
513 684 644 711 cunctas
678 679 776 711 totius
799 678 965 711 christiani
991 677 1078 711 orbis

328 727 492 767 ecclesias,
506 727 639 770 singulis
655 728 758 768 annis,
773 727 941 772 perpetuis
961 727 1078 760 suturis

329 776 538 818 temporibus,
561 776 761 817 celebretur,
783 782 813 810 et
834 777 864 809 in
890 776 1077 810 kalendario

325 823 469 857 Romano
501 836 575 858 cum
607 825 746 868 duplicis
783 825 852 858 festi
895 825 1076 859 adiectione

325 872 531 907 inscribatur.
560 874 668 908 Sicubi
689 885 763 907 vero
792 875 891 907 festus
917 874 1003 907 Beati
1025 873 1077 907 Ni-

325 920 406 955 colai
431 923 499 956 dies
519 924 734 967 supradictus,
755 934 793 957 ex
812 923 956 956 fidelium
982 923 1076 956 devo-

325 971 411 1004 tione
432 982 488 1005 seu
510 973 756 1013 consuetudine,
770 977 942 1016 praecepto
960 972 1074 1004 autin-

323 1021 413 1054 ‹lulto
430 1023 619 1066 apostolico,
643 1023 758 1055 maiori
779 1022 886 1065 aliqua
917 1022 1073 1055 celebrari

323 1073 523 1105 consueverit
553 1073 765 1113 observantia,
796 1083 834 1105 ea
853 1071 986 1105 omnino
1015 1071 1074 1104 ibi-

321 1120 394 1153 dem
420 1121 607 1154 retineatur.

364 1170 379 1212 §
403 1169 434 1203 5.
470 1171 654 1203 Mandantes
681 1170 831 1203 omnibus
859 1169 1071 1214 patriarchis,

320 1218 583 1263 aichiepiscopis,
612 1219 773 1263 episcopis
805 1218 984 1261 ceterisque
1017 1229 1070 1251 ec-

319 1266 490 1299 clesiarum
512 1268 663 1310 p1aelatis
683 1268 716 1300 in
736 1274 803 1300 toto
819 1268 897 1300 orbe
909 1273 1070 1300 terrarum

319 1316 510 1357 constitutis,
535 1323 567 1349 ut
593 1317 712 1350 saciant
731 1317 765 1349 in
785 1316 850 1349 suis
867 1316 1004 1360 quisque
1015 1326 1069 1349 ec-

318 1365 433 1406 clesiis,
454 1366 638 1408 provinciis,
671 1366 854 1399 civitatibus
884 1371 915 1399 et
943 1365 1070 1399 dioece-

317 1413 404 1447 sibus
424 1420 608 1459 praesentes
628 1420 752 1448 nostras
772 1415 894 1447 litteras
918 1414 1069 1447 solemni-

316 1467 365 1495 ter
375 1463 533 1507 publicari
558 1470 588 1497 et
607 1465 647 1497 ab
667 1462 893 1496 ecclesiasticis
907 1463 1065 1507 personis.

316 1512 535 1546 saecularibus
555 1518 587 1546 et
607 1512 795 1556 quorumvis
805 1511 961 1546 Ordinum
973 1523 1068 1556 regu-

316 1561 439 1595 laribus
477 1563 610 1596 omnino
645 1562 819 1603 observari,
855 1561 1002 1605 quamvis
1034 1561 1067 1594 in

315 1610 439 1644 ultimis
458 1611 608 1644 breviarii
626 1616 657 1644 et
672 1610 810 1644 missalis
828 1611 1067 1644 reformationi-

314 1658 374 1692 bus
399 1660 563 1693 adnotatio
592 1659 690 1693 huius
721 1659 934 1693 solemnitatis
961 1660 1067 1704 posita

313 1718 379 1741 non
400 1709 507 1742 suerit.

358 1757 373 1801 ἓ
397 1757 429 1791 6.
456 1758 612 1791 Volumus
630 1768 761 1802 quoque
785 1763 820 1791 ut
843 1758 1064 1802 praesentium

317 1806 472 1851 exemplis
491 1811 549 1840 etc.

359 1856 474 1889 Datum
494 1857 616 1890 Romae
641 1856 726 1900 apud
746 1856 897 1889 Sanctum
916 1856 1060 1896 Petrum,

315 1914 400 1937 anno
424 1905 660 1938 Incarnationis
679 1905 863 1938 dominicae
891 1905 1062 1938 millesimo

315 1953 575 1996 quingentesimo
615 1954 837 1997 octuagesimo
872 1953 1009 1997 quinto,
1044 1964 1062 1986 x

312 2000 376 2034 kal.
396 2001 546 2043 ianuarii,
569 2002 778 2046 pontificatus
796 2002 897 2036 nostri
918 2013 1003 2036 anno
1023 2013 1045 2035 l.

330 2059 392 2090 Dat.
410 2060 457 2090 die
472 2060 510 2090 23
529 2060 677 2091 decembr.
696 2061 784 2098 1585,
805 2060 909 2100 pontis.
932 2069 1009 2090 anno
1025 2069 1046 2090 1.

315 2243 437 2277 Contra
466 2248 645 2277 eoeercentes
678 2247 782 2276 artem
801 2243 993 2286 astroloqiae
1012 2244 1061 2276 iu-

356 2294 513 2326 diciariae
543 2298 571 2326 et
600 2293 668 2326 alia
700 2303 916 2337 quaecumque
933 2293 1061 2326 divina-

359 2343 484 2374 tionum
504 2353 640 2385 qemi-a,
669 2342 826 2385 librosque
849 2342 984 2385 liventes
1014 2343 1062 2375 vel

360 2393 497 2422 tenentes
516 2390 544 2422 1.

385 2452 478 2480 Sixtus
487 2451 643 2488 episcopus.
667 2459 761 2481 servus
778 2459 919 2481 servorum
936 2452 993 2485 Dei,

455 2505 489 2532 ad
507 2507 667 2540 perpetuam
686 2507 726 2534 rei
750 2507 919 2534 memoriam.

935 233 1114 258 BFLLARIUM
1132 232 1284 257 ROMANUM

1122 295 1224 317 unum
1248 283 1502 328 omnipotentem
1526 284 1623 318 corde
1647 283 1810 319 credimus
1829 282 1868 316 ad

1123 336 1289 378 iustitiam,
1316 342 1347 370 et
1365 347 1421 370 ore
1441 336 1634 370 confitemur
1641 337 1696 380 ad
1715 337 1865 376 salutem,

1122 390 1178 423 etsi
1204 364 1339 430 homini,
1363 400 1460 434 quem
1480 390 1520 423 ad
1538 389 1711 433 imaginem
1727 395 1759 424 et
1777 389 1867 423 simi-
1881 425 1914 445 m
1915 424 1942 443 e.

1122 443 1292 477 litudinem
1311 454 1403 476 suam
1423 443 1549 482 creavit,
1563 448 1703 476 mentem
1726 443 1865 484 dedeiit,

1122 508 1203 541 quae
1221 507 1285 530 non
1306 497 1422 537 solum,
1445 496 1551 529 divino
1571 496 1647 530 fidei
1657 496 1780 530 lumine
1795 496 1868 529 illu-

1120 556 1228 592 strata,
1243 550 1396 595 mysteria
1407 550 1462 583 illa
1482 555 1690 594 cognosceret
1709 560 1792 593 quae
1807 550 1868 583 hu-

1121 615 1247 637 manam
1268 603 1513 647 intelligentiam
1533 609 1696 648 superant,
1709 603 1762 636 sed
1771 603 1865 636 etiam

1119 663 1253 690 naturae
1273 668 1350 691 suae
1369 657 1411 698 vi,
1431 668 1548 701 magno
1567 657 1643 690 licet
1660 667 1734 690 cum
1745 656 1866 698 labore,

1119 712 1285 756 praeclara
1305 712 1407 745 multa
1431 711 1634 754 investigaret
1658 716 1755 754 atque
1774 710 1867 744 intel-

1118 765 1242 808 ligeret,
1256 771 1363 799 tamen
1379 770 1415 798 ut
1430 765 1607 810 superbum
1628 764 1747 797 animal
1766 764 1864 797 homo

1116 828 1181 851 non
1210 819 1311 852 altum
1339 824 1477 862 saperet,
1503 818 1559 864 sed
1579 818 1722 857 timeret,
1747 822 1780 850 et
1801 816 1864 850 irn-

1117 883 1258 905 mensam
1276 872 1459 907 Conditoris
1476 871 1526 906 sui
1550 872 1748 905 maiestatem
1771 869 1862 904 humi

1115 931 1234 959 stratus
1252 931 1474 966 veneraretur,
1493 925 1554 959 sibi
1565 925 1625 958 soli
1633 935 1759 966 eorum,
1779 935 1862 969 quae

1115 987 1266 1013 eventura
1276 986 1362 1021 sunt,
1382 979 1548 1013 scientiam
1564 984 1596 1013 et
1614 979 1799 1012 futurarum
1809 989 1861 1012 re-

1114 1044 1186 1066 rum
1211 1033 1427 1077 cognitionem
1448 1033 1629 1067 reservavit.
1658 1032 1751 1066 Solus
1774 1031 1861 1066 enim

1113 1087 1194 1130 Ipse,
1223 1087 1316 1127 cuius
1340 1087 1444 1120 oculis
1467 1086 1577 1121 omnia
1595 1086 1681 1119 nuda
1701 1091 1733 1119 et
1750 1090 1861 1130 aperta

1113 1145 1199 1180 sunt,
1221 1145 1252 1173 et
1263 1140 1303 1173 ad
1322 1140 1451 1174 intimas
1467 1140 1637 1174 hominum
1649 1139 1860 1183 cogitationes

1112 1199 1270 1238 penetrat,
1285 1200 1316 1228 et
1327 1199 1564 1238 consequenter
1583 1204 1696 1227 eorum
1716 1193 1859 1228 actiones

1111 1247 1268 1288 intuetur;
1281 1249 1367 1281 solus
1378 1249 1460 1292 lpse,
1476 1248 1532 1292 qui
1545 1254 1636 1282 vocat
1649 1258 1686 1281 ea
1695 1258 1778 1291 quae
1792 1258 1858 1282 non

1110 1307 1185 1334 sunt
1202 1307 1366 1346 tamquam
1387 1313 1423 1335 ea
1443 1312 1526 1345 quae
1542 1308 1626 1342 sunt,
1649 1301 1757 1334 omnia
1767 1311 1858 1346 prae-

1109 1354 1211 1388 sentia
1237 1360 1267 1388 et
1291 1361 1365 1388 ante
1385 1356 1498 1389 oculos
1517 1354 1620 1399 posita
1638 1355 1747 1396 habet;
1768 1355 1856 1389 solus

1109 1408 1267 1451 denique,
1289 1409 1397 1442 omnia
1421 1415 1451 1441 et
1476 1408 1604 1452 singula
1631 1418 1854 1453 quaecumque

1108 1461 1207 1495 totius
1230 1462 1386 1506 temporis
1419 1462 1557 1495 decursu
1588 1469 1619 1495 et
1650 1463 1853 1496 saeculorum

1107 1516 1265 1550 aetatibus
1285 1517 1395 1550 sutura
1422 1521 1496 1549 sunt
1510 1543 1517 1556 ,
1549 1516 1589 1549 ab
1608 1516 1695 1549 omni
1716 1515 1854 1549 aeterni-

1106 1574 1170 1603 tate
1186 1570 1284 1611 novit‚
1298 1575 1329 1603 et
1341 1569 1523 1603 admirabili
1538 1569 1738 1614 providentia
1749 1569 1854 1614 dispo-

1107 1623 1182 1661 suit,
1204 1634 1287 1667 qnae
1303 1634 1367 1656 non
1388 1623 1484 1656 modo
1500 1622 1853 1656 humanaementisim-

1106 1676 1265 1709 becillitas
1285 1677 1423 1719 ignorat,
1445 1677 1500 1709 sed
1515 1687 1574 1709 nec
1595 1676 1769 1709 daemones
1790 1675 1851 1720 ipsi

1105 1729 1304 1774 praesentire
1329 1735 1474 1773 possunt.
1502 1729 1606 1768 Quare
1631 1729 1794 1763 idolorum
1818 1728 1851 1762 in

1106 1784 1224 1817 suturis
1243 1783 1478 1817 annunciandis
1489 1783 1657 1817 falsitatem
1669 1789 1699 1817 et
1709 1783 1852 1816 imbecil-

1105 1838 1241 1878 litatem‚·
1268 1843 1297 1870 et
1319 1848 1432 1870 eorum
1456 1837 1512 1881 qui
1544 1836 1590 1870 eis
1614 1837 1738 1869 cultum
1757 1836 1850 1870 adhi-

1104 1891 1221 1924 bebant
1242 1891 1414 1924 vanitatem
1432 1890 1546 1923 irridet
1565 1889 1704 1934 Spiritus
1714 1890 1850 1924 Sanctus

1105 1945 1189 1989 apud
1215 1945 1327 1978 isaiam
1349 1943 1412 1977 illis
1427 1943 1851 1987 verbis:Annunciateqme

1103 2003 1239 2031 ventura
1253 2002 1330 2031 sunt
1346 1998 1380 2030 in
1395 1998 1556 2040 futurum,
1573 2001 1603 2030 et
1620 1998 1756 2030 sciemus
1773 1997 1851 2041 quia

1105 2052 1160 2085 Dii
1171 2053 1244 2085 estis
1255 2063 1319 2084 ros.
1343 2052 1380 2084 Et
1395 2051 1427 2083 in
1445 2061 1528 2084 noro
1546 2051 1747 2084 Testamento
1758 2049 1850 2083 Chri-

1103 2111 1168 2138 stus
1197 2105 1352 2138 Dominus
1379 2104 1613 2148 discipulorum
1642 2114 1776 2137 suorum
1809 2103 1851 2136 de

1104 2159 1218 2191 suturis
1246 2158 1411 2191 eventibus
1434 2158 1544 2202 paullo
1564 2157 1714 2201 cupidius
1741 2155 1850 2201 inqui-

1103 2212 1243 2245 rentium
1278 2211 1565 2254 interrogationem
1599 2211 1686 2254 gravi
1710 2210 1766 2244 illa
1796 2220 1849 2243 re-

1103 2266 1274 2309 sponsione
1286 2265 1416 2306 retudit‚
1430 2276 1492 2309 qua
1504 2265 1598 2298 etiam
1610 2263 1757 2298 omnium
1773 2263 1851 2297 fide-

1103 2319 1180 2352 lium
1199 2330 1330 2353 suorum
1357 2319 1575 2352 curiositatem
1595 2318 1760 2351 coercuit:
1776 2317 1848 2351 Non

1101 2378 1145 2406 est
1170 2378 1309 2406 vestrum
1326 2373 1408 2405 scire
1434 2376 1575 2415 tempora
1600 2372 1648 2404 vel
1672 2375 1845 2411 momenta,

1102 2437 1180 2469 quae
1199 2426 1299 2459 Pater
1324 2426 1430 2470 posuit
1449 2426 1486 2459 in
1512 2436 1571 2458 sua
1592 2429 1758 2468 potestate.
1783 2423 1848 2457 Nec

1101 2490 1176 2512 vero
1201 2480 1239 2512 ad
1262 2480 1386 2512 futuros
1416 2484 1547 2512 eventus
1570 2484 1602 2511 et
1621 2478 1769 2511 i'ortuitos
1793 2486 1846 2510 ca-

1222 2544 1236 2558 ἀ

358 2556 374 2598 ἓ
393 2557 423 2588 ‘¹-
450 2557 535 2591 COssli
549 2565 579 2591 θῑ
591 2565 694 2592 ῑθΓΓᾶθ
714 2559 845 2592 esem-0¹*
860 2560 952 2600 ΒΘΗ-ζ,
964 2570 1061 2604 quem
1102 2572 1199 2607 plures
1214 2572 1466 2607 praedecessorum
1481 2570 1694 2599 constitutiones
1709 2569 1846 2597 indicatae

350 2619 362 2646 1
374 2618 414 2645 De
424 2618 563 2647 eiusmodi
574 2628 605 2647 uc
616 2621 825 2656 sortIlegiorum
841 2621 956 2649 materia
967 2624 1062 2649 extant

1105 2621 1131 2647 in
1152 2621 1246 2648 Innoc.
1257 2620 1316 2648 wll
1335 2623 1425 2647 const.
1440 2626 1459 2654 1,
1475 2619 1608 2653 Summis,
1621 2622 1688 2646 tom.
1704 2623 1731 2651 v,
1742 2624 1770 2652 p.
1781 2615 1843 2646 296.

1933 292 1960 315 Ι
1986 308 1998 319 4
2018 308 2019 315 i

1880 331 1918 353 pro
1919 326 1995 351 m„.⁴
2025 333 2041 360 γ’

1880 360 1927 378 πω
1944 363 1956 378 a
1971 362 1983 388 J
2003 384 2005 389 A

1881 388 1945 409 iudici
1975 388 2001 412 ᾗ
2017 401 2027 414 ff

1881 450 1945 471 manu
1966 456 1976 467 v·
2002 476 2004 478 μ

1881 481 1967 504 mitiu-
