2059 3228
93 243 148 274 An.
162 242 192 272 C.
205 245 273 274 1586

337 229 400 264 716

290 305 347 329 seu
366 303 475 328 moros
493 293 652 338 plantatas
671 292 704 326 in
724 303 837 327 eorum
865 292 1036 332 casalibus,

290 347 470 388 territoriis,
503 347 614 386 vineis,
649 347 805 387 cannetis,
827 346 1038 390 possessioni-

287 402 349 435 bus
366 405 395 434 et
414 400 691 434 iurisdictionibus
706 400 965 445 quibuscumque
979 402 1038 435 sub

289 454 401 498 poenis
430 453 619 498 praedictis,
640 465 677 487 ac
710 459 839 488 centum
872 461 1038 489 scutorum

288 517 347 551 pro
372 506 515 551 qualibet
543 508 655 552 planta
674 508 835 542 celsorum
856 515 911 543 aut
930 520 1038 543 moro-

288 570 360 594 rum
375 560 597 594 deficientium
618 572 653 595 ex
674 572 811 596 numero
823 563 897 596 dato
913 569 943 596 et
963 564 1038 597 assi-

287 618 396 656 gnat03
416 619 447 647 et
462 613 607 658 insuper,
625 615 739 648 ordine
755 622 891 656 servato,
903 622 933 650 et
944 617 975 649 in
987 628 1037 651 ca-

287 671 367 700 tasto
387 677 499 701 omnes
518 678 687 702 mensuras
703 669 919 712 quarumlibet
941 675 1038 704 terra-

285 730 359 752 rum
375 721 626 764 praedictarum,
644 733 817 756 numerum
827 734 955 766 quoque
971 724 1036 757 sin-

284 773 435 815 gularum
456 775 611 808 arborum
635 776 852 819 plantatarmn
872 776 905 809 in
926 777 1036 810 civita-

285 827 371 860 tibus
391 833 421 860 et
450 828 531 862 locis
554 829 728 873 praedictis
751 829 899 864 distinete
926 835 1035 864 tenere

285 892 322 914 ae
346 886 435 915 certo
455 882 538 916 seire
565 882 714 923 debeant,
743 889 778 916 ut
807 883 876 927 ipsa
903 884 1036 918 Camera

285 934 488 977 exploratum
518 935 635 969 habeat
654 936 733 980 quid
754 941 785 969 et
804 947 841 970 ex
860 937 978 980 quibus
997 937 1036 971 sit

283 993 491 1032 percepturam
512 999 639 1023 necnon
667 990 815 1023 omnium
834 991 1035 1024 locationum

283 1047 313 1074 et
333 1041 500 1075 affictuum
521 1053 578 1076 seu
598 1043 864 1077 arrendationum
893 1045 1034 1087 antiqui-

282 1100 384 1127 tatum
405 1106 462 1128 seu
478 1096 701 1130 aedificiorum
721 1097 911 1140 aquatilium
921 1099 959 1131 ad
972 1104 1036 1131 tor-

282 1148 421 1181 cendum
433 1149 553 1182 nedum
563 1150 780 1184 subinandum
792 1151 931 1184 sericum
944 1157 972 1185 et
981 1163 1036 1184 au-

281 1201 390 1242 laeum,
402 1213 439 1235 ae
457 1204 605 1236 eamdem
617 1203 800 1244 Cameram,
817 1204 1034 1248 impartimur,

281 1255 360 1288 dum
375 1255 618 1299 ipsalicentiam
631 1262 661 1290 et
672 1257 855 1291 facultatem
868 1258 1034 1302 impartie-

282 1313 334 1341 tur
344 1310 536 1353 exportandi
556 1310 596 1343 ab
607 1310 693 1344 Urbe
705 1322 762 1344 seu
771 1311 861 1344 Statu
874 1312 1038 1350 Ecclesia-,

281 1362 362 1396 stico
371 1362 557 1397 huiusmodi
567 1364 647 1397 mari
656 1375 711 1397 seu
721 1371 807 1398 terra
815 1365 954 1398 sericum
965 1377 1036 1399 cru-

281 1415 372 1456 dum,
382 1416 591 1457 olosericum,
601 1417 741 1451 aulaeum
754 1428 811 1451 seu
822 1429 947 1462 pannos
961 1431 1034 1453 cum

280 1469 396 1511 serico,
429 1470 516 1514 quod
550 1470 604 1504 illa
631 1471 735 1514 exigat
755 1471 977 1506 indifferenter
995 1473 1035 1506 ab

281 1534 482 1568 unoquoque
511 1530 651 1568 quatuor
672 1530 763 1557 scuta
790 1525 953 1569 vectigalis
976 1536 1035 1570 pro

280 1577 426 1621 quolibet
461 1578 658 1611 centenario.
687 1578 864 1612 Statuimus
895 1579 1036 1624 denique

281 1631 369 1675 quod
383 1631 505 1673 nullus,
525 1632 761 1676 cuiuscumque
777 1639 887 1673 status,
903 1634 1033 1676 gradus,

282 1684 417 1725 ordinis,
449 1685 645 1718 conditionis
663 1690 693 1718 et
712 1686 981 1729 praeeminentiae
1002 1699 1035 1721 e-

281 1737 411 1779 xistens,
433 1743 464 1771 et
484 1749 688 1781 quacumque
708 1739 908 1782 praefulgeat
930 1741 1035 1784 digni-

282 1797 358 1832 tate,
380 1791 496 1825 audeat
515 1802 571 1825 seu
592 1799 776 1835 praesumat
789 1793 956 1827 extrahere
968 1795 1036 1837 glo-

283 1846 342 1878 bos
360 1845 426 1878 sive
454 1845 634 1888 pollicellos
658 1844 888 1878 sericos‘extra
914 1847 1034 1880 dictum

284 1898 408 1932 Statum
428 1898 703 1934 Ecclesiasticuin,
721 1909 776 1931 seu
793 1909 846 1932 eos
860 1899 1035 1933 Bononiam

284 1957 500 1996 transportare
515 1952 546 1984 in
554 1963 651 1996 parra
663 1963 718 1985 seu
735 1952 953 1985 mediocriaut
970 1964 1036 1986 ma-

284 2016 345 2048 gna
353 2005 607 2049 quantitate,sub
615 2006 753 2039 duorum
763 2005 898 2038 millium
908 2007 1038 2040 ducato-

285 2070 357 2092 rum
372 2069 430 2102 pro
446 2059 667 2103 qualibetvice
679 2070 742 2102 qua
759 2059 942 2102 praemissis
963 2071 1038 2093 con—

284 2118 465 2145 traventum
486 2113 592 2153 fuerit,
615 2113 720 2145 cidem
746 2112 900 2146 Gamerae
925 2118 953 2146 et
979 2124 1037 2157 pro

285 2172 471 2210 unaquarta
483 2166 631 2209 portione
652 2165 847 2209 exploratori
861 2171 889 2198 et
908 2176 1038 2199 aecusa-

287 2218 348 2252 tori
373 2219 641 2262 applicandorum
663 2219 794 2262 poenis,
815 2229 852 2251 ac
876 2219 960 2260 quod
982 2229 1035 2265 ne3

287 2282 353 2313 mo,
373 2272 605 2316 cuiuscumque
625 2277 734 2312 status,
750 2271 881 2314 gradus,
903 2271 1038 2313 ordinis,

289 2326 481 2358 conditionis
499 2332 530 2359 et
555 2325 830 2370 praeeminentiae,
844 2330 879 2358 ut
899 2325 1039 2369 praeser-

290 2385 353 2419 tur,
369 2380 518 2419 existens,
538 2390 573 2412 ae
588 2379 727 2413 sericum
738 2380 786 2411 vel
799 2378 949 2411 aulaeum
961 2388 1038 2411 con-

292 2429 412 2465 tiriens,
435 2429 548 2461 audeat
571 2439 626 2461 scu
647 2428 762 2461 debeat
775 2428 854 2460 illud
876 2428 1041 2470 extraglo-

291 2477 348 2509 hos
367 2477 550 2510 huiusmodi
571 2487 733 2517 amovere,
756 2486 861 2520 neque
877 2476 915 2508 ad
932 2476 1039 2509 calda-

294 2526 393 2558 rarios
417 2526 496 2559 idest
520 2527 658 2559 sericum
681 2525 882 2559 extrahentes
901 2525 1038 2565 deferre,

294 2575 437 2607 inlitusve
458 2586 493 2607 ‹Jx
516 2575 608 2607 (lictis
628 2575 731 2617 glebis
751 2574 950 2618 pel‘scipsos
964 2573 1040 2607 sub-

295 2633 432 2663 movere,
458 2623 516 2656 nisi
537 2624 626 2668 prius
647 2630 712 2657 toto
732 2624 835 2658 serico
855 2634 911 2657 seu
927 2623 1041 2657 aulaeo

885 233 1063 258 Bt'LLARtmt
1082 233 1231 258 uolumini

1078 289 1182 322 delato
1210 290 1242 323 in
1266 290 1369 333 globis
1399 292 1440 325 ad
1456 292 1611 327 officium
1640 295 1756 328 notarii
1777 306 1826 329 ar-

1077 342 1158 376 tium
1179 343 1271 377 seriei
1283 350 1314 377 et
1326 345 1430 378 aulaei
1446 356 1504 389 pro
1520 351 1665 392 tempore
1681 349 1825 394 deputati

1078 395 1111 428 in
1141 396 1292 430 omnibus
1323 394 1537 440 civitatibuss'
1550 401 1656 443 terris,
1685 403 1823 446 oppidis,

1077 450 1199 491 castris,
1219 450 1299 484 locis
1318 451 1424 486 Status
1443 453 1612 496 praedicti,
1631 460 1713 488 etex
1732 456 1825 490 dictis

1076 503 1181 546 globis
1212 510 1353 547 quatuor
1380 505 1480 539 libras
1510 506 1588 540 datii
1615 513 1646 540 et
1665 509 1825 552 vectigalis

1076 567 1134 599 pro
1164 557 1308 600 quolibet
1333 559 1519 592 centenario
1547 560 1646 604 ipsius
1673 561 1825 597 Gamerae

1076 609 1220 652 nomine,
1246 616 1277 644 et
1304 622 1365 655 pro
1394 623 1432 645 ea
1455 613 1603 647 soluturo
1628 613 1827 649 incumbebit

1075 673 1157 696 onus
1177 664 1429 698 instrumentum
1453 666 1649 709 quietantiae
1675 673 1707 701 et
1734 679 1825 702 rece-

1075 716 1196 760 ptionis
1228 717 1415 751 huiusmodi
1448 719 1612 762 vectigalis
1642 720 1712 754 eius
1734 721 1826 765 signo

1075 770 1296 812 munitum‚ad
1312 771 1375 805 hoe
1396 778 1442 813 ut,
1464 772 1520 806 illo
1531 773 1672 816 cognito,
1685 775 1824 809 sericum

1074 834 1130 856 seu
1151 824 1301 857 aulaeum
1322 825 1429 869 ipsum
1454 836 1492 859 ex
1511 826 1698 861 huiusmodi
1722 828 1826 871 globis

1074 877 1174 910 libere
1195 878 1320 911 extrahi
1340 880 1453 923 possit,
1475 880 1650 924 nullusque
1669 881 1824 916 domicel-

1073 930 1136 968 lus,
1163 931 1241 965 baro
1270 933 1423 976 nullaque
1453 934 1516 967 alia
1549 944 1700 978 persona,
1729 935 1823 970 etiam

1073 985 1279 1027 quantumvis
1299 986 1495 1029 qualismata,
1517 987 1550 1020 in
1567 987 1633 1021 suis
1646 988 1823 1023 ditionibus

1074 1039 1305 1081 temporalibus
1334 1040 1451 1074 audeat
1474 1041 1594 1075 habere
1625 1053 1682 1076 seu
1715 1048 1824 1077 tenere

1073 1091 1270 1125 ealdararios
1289 1093 1328 1126 ad
1348 1093 1586 1127 conficiendum
1606 1101 1638 1128 et
1653 1097 1822 1130 extrahen—

1073 1144 1148 1176 dum
1178 1146 1318 1179 sericum
1338 1157 1396 1180 seu
1416 1147 1544 1181 auleum
1564 1148 1623 1181 sub
1644 1159 1747 1192 poena
1766 1149 1823 1183 de-

1074 1208 1143 1230 cern
1165 1198 1302 1232 millium
1322 1211 1496 1234 aureorum
1513 1201 1666 1235 similium
1677 1213 1736 1247 pro
1744 1214 1824 1247 quo-

1073 1253 1150 1287 libet
1169 1265 1294 1295 eorum,
1314 1266 1351 1289 ae
1370 1256 1552 1290 amissionis
1579 1257 1758 1292 sericorum
1791 1265 1824 1293 et

1073 1307 1274 1349 aulaeorum,
1288 1319 1416 1342 necnon
1434 1310 1626 1354 privationis
1635 1311 1822 1356 privilegio—

1073 1370 1145 1392 rum
1170 1361 1216 1394 eis
1235 1372 1294 1404 pro
1326 1367 1471 1406 tempore
1496 1364 1634 1408 desuper
1653 1375 1822 1399 concesso-

1073 1424 1159 1455 rum3
1184 1415 1266 1449 aliae
1284 1426 1358 1449 vero
1382 1416 1522 1460 privatae
1547 1428 1716 1461 personae,
1733 1419 1759 1452 si
1771 1430 1822 1453 se-

1073 1468 1178 1501 rieum
1195 1479 1252 1502 seu
1273 1469 1421 1502 aulaeum
1435 1470 1625 1504 huiusmodi
1651 1471 1685 1505 in
1708 1483 1821 1506 eorum

1073 1521 1162 1554 Statu
1181 1531 1219 1555 ae
1239 1522 1381 1555 dominio
1394 1523 1572 1556 confecturi
1592 1531 1699 1567 erunt,
1718 1537 1823 1570 poena

1073 1574 1188 1618 eapitis
1207 1581 1238 1608 et
1255 1576 1416 1609 bonorum
1436 1588 1495 1621 per
1515 1588 1570 1611 eos
1586 1589 1820 1622 possessorum,

1073 1639 1110 1662 ae
1135 1628 1228 1662 dictis
1251 1629 1383 1673 poenis;
1410 1631 1465 1664 sed
1488 1631 1611 1665 sericus
1640 1643 1698 1666 seu
1722 1634 1824 1667 aulaea

1075 1691 1132 1724 per
1151 1692 1206 1714 eos
1229 1692 1286 1715 seu
1305 1683 1386 1716 alios
1405 1694 1518 1717 eorum
1538 1685 1724 1719 nominibus
1747 1697 1824 1720 con-

1075 1735 1210 1768 ficienda
1222 1741 1287 1769 tam
1295 1736 1335 1769 ad
1350 1747 1404 1769 eos
1423 1748 1519 1780 quam
1540 1748 1653 1771 eorum
1673 1740 1825 1773 vassallos

1075 1795 1103 1822 et
1115 1789 1259 1822 subditos
1268 1790 1446 1833 spectantia
1456 1790 1488 1823 in
1504 1801 1617 1824 eorum
1627 1791 1718 1825 Statu
1727 1793 1768 1826 ad
1779 1793 1824 1826 os-

1075 1842 1149 1875 ficia
1160 1843 1276 1876 notarii
1294 1843 1479 1876 huiusmodi
1491 1845 1686 1878 extrahenda
1697 1845 1825 1880 mittere

1076 1901 1260 1937 teneantur,
1274 1896 1312 1929 ad
1325 1902 1464 1940 quatuor
1484 1897 1581 1930 libras
1601 1908 1660 1941 pro
1681 1899 1825 1942 quolibet

1075 1949 1261 1983 centenario
1289 1949 1365 1983 datii
1394 1950 1525 1983 nomine
1548 1950 1676 1994 ipsimet
1698 1953 1823 1987 notario

1075 2002 1194 2035 eisdem
1223 2002 1301 2035 locis
1328 2003 1471 2036 viciniori
1504 2003 1715 2046 quietantiam
1742 2005 1823 2039 eius-

1076 2055 1149 2088 dem
1169 2055 1321 2089 Gamerae
1341 2056 1483 2096 nomine,
1495 2062 1590 2100 atque
1606 2057 1771 2097 bolletam,
1789 2063 1824 2092 ut

1077 2109 1175 2141 iidem
1195 2110 1378 2150 caldararii,
1402 2110 1482 2143 illud
1501 2121 1537 2143 ex
1549 2110 1641 2143 dietis
1655 2111 1758 2154 globis
1769 2122 1824 2145 ex-

1078 2162 1216 2202 trahant,
1230 2169 1340 2206 postea
1355 2164 1577 2205 confectur0s3
1592 2164 1745 2208 quodque
1753 2165 1824 2198 nul-

1077 2216 1127 2248 lus
1147 2216 1344 2249 caldararius
1365 2217 1463 2260 possit
1487 2227 1544 2250 seu
1573 2217 1688 2251 debeat
1716 2228 1824 2251 remo-

1076 2279 1149 2301 vere
1169 2270 1310 2302 sericum
1321 2281 1378 2303 seu
1395 2271 1546 2303 aulaeum
1563 2281 1600 2304 ex
1611 2270 1688 2314 ipsis
1707 2270 1822 2314 globis,

1078 2321 1216 2355 cuiusvis
1235 2333 1404 2366 personae,
1426 2323 1824 2368 etiamquantumvisinsi—

1079 2375 1414 2420 gnis‚intuitu,absque
1425 2377 1555 2421 speciali
1572 2377 1730 2422 permissu
1739 2377 1824 2411 eius-

1079 2425 1152 2458 dem
1164 2424 1279 2458 notarii
1294 2426 1326 2458 in
1338 2425 1464 2469 seriptis
1471 2426 1652 2467 obtento‚et
1662 2427 1753 2470 signo
1766 2437 1824 2460 suo

1079 2473 1218 2516 desuper
1231 2474 1397 2507 statuendo
1418 2474 1596 2518 obsignato,
1611 2475 1669 2508 sub
1694 2474 1823 2508 caldarii

1079 2528 1111 2555 et
1125 2522 1263 2555 aliorum
1279 2523 1527 2567 supellectilium
1550 2535 1677 2557 necnon
1693 2524 1823 2567 fustiga-

1082 2572 1176 2605 tionis
1196 2577 1227 2605 et
1247 2572 1425 2606 triremium
1445 2573 1621 2616 respective
1641 2572 1771 2616 poenis;
1794 2578 1824 2605 et

1079 2621 1209 2664 quando
1229 2622 1389 2656 celsorum
1408 2627 1439 2656 et
1458 2632 1623 2656 mororum
1638 2621 1823 2655 huiusmodi
