2059 3228
104 240 124 254 η

107 251 195 283 :¹584

39 394 43 396 q
118 364 196 393 mm·
209 354 328 388 Paulus
346 355 432 399 Papa
448 355 574 396 tertius,
587 355 815 400 praedecessor
834 360 951 393 noster,

29 397 194 457 {ffffiff
209 407 381 453 propositis
405 409 518 452 poenis
538 409 743 452 gravissimis,
770 408 950 442 officiorum

28 459 194 521 *annm-⁶125
207 466 239 495 et
261 461 495 495 beneficiorum
513 462 687 506 privativis,
711 467 805 505 atque
825 472 951 495 excom-

42 552 46 553 ,
77 514 434 549 mount-munientionis
454 517 537 549 latae
563 516 741 549 sententiae
770 516 840 559 ipso
866 515 949 548 facto

39 584 43 587 Δ
77 554 146 609 2⁶⁸⁰
159 560 194 577 ‘²'
205 566 422 610 incurrendis,
444 574 601 613 perpetua
625 568 852 602 constitutione
877 579 950 612 pro-

201 619 308 654 hibuit
331 622 454 656 decano
474 629 506 656 et
530 622 655 656 clericis
682 622 834 656 Gamerae
866 622 949 666 Apo-

201 673 345 716 stolicae,
368 676 423 719 qui
447 676 568 716 omnia,
595 686 677 719 quae
702 676 736 708 in
756 675 867 709 eadem
892 675 949 709 Ca-

201 737 290 761 mera
309 734 421 772 agunt,
448 729 479 762 S.
506 729 543 762 R.
570 729 606 763 E.
627 729 796 762 camerarii
816 729 946 763 nomine

200 786 311 823 agunt,
334 791 375 814 ne
399 792 449 815 res
470 782 657 821 camerales,
678 781 780 815 inscio
802 782 871 825 ipso
895 794 947 816 ca-

199 836 352 876 merario,
381 835 434 868 eui
464 845 574 868 rerum
592 841 623 868 et
642 834 764 867 iurium
794 836 945 869 Gamerae

199 897 278 921 cura
294 889 530 932 estspecialiter
539 889 720 930 commissa,
731 889 852 934 quique
859 890 945 924 vivae

198 941 285 975 vocis
304 942 471 975 oraculum
505 943 612 982 habet,
640 948 671 976 et
699 943 732 976 in
752 954 809 977 suo
838 945 945 978 officio

197 1004 368 1038 personam
402 995 565 1029 Pontificis
602 1002 832 1039 repraesentat,
876 999 944 1031 ullo

197 1048 294 1081 modo
313 1048 513 1092 expedirent,
530 1059 609 1082 neve
625 1050 707 1083 ullas
723 1051 944 1094 expeditiones

196 1102 372 1135 camerales
391 1102 528 1145 gratiam
554 1103 603 1136 vel
631 1103 784 1137 iustitiam
813 1115 945 1138 concer-

194 1160 308 1189 nentes
327 1166 385 1189 seu
409 1156 524 1190 mixtas
543 1163 597 1190 aut
616 1157 654 1190 ab
675 1157 738 1190 illis
758 1158 943 1202 dependen-

196 1215 257 1250 tes,
287 1209 382 1243 aliter
404 1221 502 1254 quam
525 1212 585 1244 suh
614 1212 746 1245 nomine
773 1213 943 1246 camerarii

196 1267 228 1296 et
253 1263 312 1296 sub
331 1263 444 1307 sigillis
469 1275 570 1308 penes
596 1265 703 1309 ipsum
733 1266 943 1300 existentibus

195 1316 302 1351 facere
321 1322 377 1351 aut
391 1318 542 1362 expedire
555 1319 689 1363 possint.

239 1370 254 1414 §
278 1369 310 1404 2.
336 1371 450 1405 Postea
468 1382 544 1405 vero
564 1372 636 1416 piae
648 1373 823 1406 memoriae
844 1374 943 1408 lulius

59 1425 81 1464 ξ’
95 1436 181 1460 moun
193 1422 281 1468 Papa
299 1423 339 1458 ΙΙΙ
351 1424 469 1458 dictam
488 1425 580 1458 Pauli
592 1426 848 1469 praedecessoris
867 1438 943 1460 con-

77 1471 181 1498 amm
194 1477 397 1512 stitutionem
425 1489 500 1512 cum
520 1479 671 1512 omnihus
701 1479 766 1513 suis
791 1481 943 1514 clausulis

194 1531 386 1575 approbavit
431 1537 462 1565 et
513 1532 683 1573 innovavit,
736 1533 943 1578 decrevitque

43 1587 67 1620 .·⁶
193 1584 282 1628 quod
302 1585 500 1619 camerarius
524 1586 612 1619 solus
637 1592 744 1630 posset
764 1587 861 1621 officii
894 1588 942 1621 sui

193 1636 335 1680 sigillum
356 1643 478 1679 tenere,
509 1639 619 1673 clerici
644 1650 720 1673 vero
747 1645 778 1673 et
802 1640 943 1674 decanus

47 1692 69 1737 ,ζ’
194 1690 300 1725 dictae
322 1691 475 1726 Gamerae
501 1693 644 1736 sigillum
669 1694 798 1727 nullum
823 1694 943 1728 habere

194 1750 339 1788 possent.

237 1798 255 1843 ς
275 1798 308 1833 3.
334 1799 374 1832 Et
392 1800 538 1844 quamvis
553 1800 682 1834 decreta
700 1801 902 1843 huiusmodi,
914 1808 944 1835 et

51 1844 179 1891 'numen
194 1858 329 1896 propter
358 1863 449 1886 suam
480 1853 626 1897 ipsorum
667 1855 875 1898 aequitatem,
914 1862 942 1889 et

36 1895 183 1952 &2¹:⁸⁹5ss
195 1911 329 1950 propter
357 1906 578 1940 Romanorum
607 1907 800 1941 Pontificum
830 1914 943 1942 aucto-

36 1959 182 2015 ’,ἓξὲξ
195 1958 336 2001 ritatem,
359 1965 390 1993 et
408 1966 542 2004 propter
561 1971 740 2004 poenarum
766 1961 798 1994 in
816 1962 861 1995 eis
873 1973 944 2006 pro-

52 2019 66 2056 ,ξ
78 2021 117 2044 ue
143 2028 182 2045 ex·
195 2011 374 2055 positarum
393 2014 594 2056 gravitatem,
611 2014 943 2058 debuissentdiligen-

34 2049 182 2110 ῥ’ἓῃῖζξω
196 2064 318 2099 tissime
359 2067 491 2107 servari,
530 2068 806 2111 quemadmodum
848 2075 944 2102 antea

195 2117 324 2152 fuerant
349 2126 492 2161 servata,
522 2126 628 2154 tamen
665 2121 849 2164 accepimus
864 2133 944 2155 non-

196 2171 295 2206 nullis
320 2172 437 2206 abhinc
461 2174 554 2207 annis
578 2174 690 2207 violari
723 2179 836 2217 coepta
865 2185 943 2216 esse,

196 2235 234 2259 ac
257 2226 374 2259 multas
392 2231 537 2260 recentes
562 2228 736 2260 camerales
766 2227 943 2271 expeditio-

197 2288 267 2320 nes,
290 2284 356 2312 tam
376 2280 510 2322 gratiam
526 2291 622 2324 quam
638 2280 793 2313 iustitiam
818 2281 944 2325 aliaque

198 2331 328 2375 negotia
355 2338 598 2374 concernentes,
624 2334 692 2366 sine
718 2334 825 2367 debito
849 2340 944 2378 atque

199 2385 317 2419 usitato
344 2386 475 2419 nomine
496 2386 663 2419 camerarii
690 2393 720 2419 et
740 2387 809 2419 eius
828 2387 943 2430 sigillo,

199 2432 268 2467 sine
286 2434 378 2467 solita
409 2435 654 2478 subscriptione,
682 2435 756 2467 Visa
775 2441 850 2475 etc„
878 2436 944 2479 pri-

198 2482 294 2515 vatim
313 2488 420 2516 autem
435 2490 467 2516 et
486 2483 702 2526 singulariter,
716 2484 775 2516 sub
801 2483 944 2526 ipsorum

200 2532 405 2572 clericorum,
427 2532 522 2565 etiam
541 2537 705 2575 praetextu
713 2532 945 2575 rescriptorum

200 2586 232 2614 et
246 2581 509 2615 commissionum
526 2580 603 2624 ipsis
619 2580 752 2622 singulis
773 2590 829 2613 seu
850 2581 945 2613 etiam

200 2629 276 2675 ipsis
291 2631 442 2664 omnibus
461 2629 588 2663 clericis
604 2629 812 2667 directarum,
840 2629 946 2663 nomi-

280 2679 357 2711 Ball.
377 2679 452 2710 Rom.
476 2679 531 2709 Vol.
556 2678 627 2711 VIII.
790 2678 828 2707 03

813 245 987 271 GREGORIUS
1006 246 1060 269 xm
1080 246 1126 270 FP.

1631 243 1692 276 407
1753 257 1792 282 ,tn
1821 255 1850 282 c,
1867 257 1931 284 1321

253 302 269 346 ξ
291 301 322 334 l.
349 301 431 336 Olim
464 301 563 345 igitur
591 301 693 335 felicis
722 301 952 334 recordationis
993 299 1089 332 nibus
1113 305 1143 332 et
1167 300 1278 343 sigillis·
1300 301 1407 339 saetas,
1424 304 1621 349 totidemque
1643 308 1739 340 intla-

994 363 1082 385 inera
1106 353 1220 395 sigilla,
1238 361 1316 397 quot
1337 356 1368 388 in
1389 368 1425 389 ea
1441 364 1515 390 sunt
1531 359 1739 400 clcl·ici,i1·i·‹=-

992 406 1104 449 psisse,
1128 417 1311 450 novumque
1334 411 1523 453 expediendi
1551 423 1652 455 genus
1674 419 1737 447 tani

991 459 1023 492 in
1052 460 1148 493 Curia
1173 471 1268 503 quam
1304 469 1392 496 extra
1417 464 1637 499 introductum
1659 478 1736 508 esse,

991 512 1050 545 sub
1070 514 1247 557 praetensis
1263 515 1362 548 titulis
1380 518 1614 561 praefecturae,
1636 532 1736 555 anno-

990 576 1062 607 nae,
1097 567 1396 610 praesidentatuuin
1423 571 1556 613 viarum,
1574 568 1736 608 ‘doliana-

989 630 1074 661 rum,
1097 621 1252 663 grasciae,
1274 623 1420 665 zeccliae,
1445 626 1604 668 riparum,
1628 639 1737 661 varne-

989 684 1075 711 rum,
1103 675 1420 718 superintendentiae
1447 678 1541 711 Collis
1563 681 1734 724 Scipionis,

988 727 1124 771 aliisque
1144 729 1268 762 noviter
1283 731 1417 774 repertis
1442 733 1573 766 salariae
1582 739 1611 766 et
1627 736 1735 777 gabei--

988 780 1036 813 lae
1049 782 1165 822 earnis,
1176 783 1304 826 privatis
1313 784 1407 816 etiam
1420 785 1619 827 singulorum
1629 799 1736 821 scere-

987 833 1076 867 tariis
1106 837 1301 880 quandoque
1330 838 1369 870 ad
1395 838 1579 873 huiusmodi
1610 842 1736 885 expedi-

989 887 1090 921 tiones
1110 889 1278 929 adhibitis
1296 890 1417 933 sieque,
1433 898 1496 924 tarn
1516 893 1625 936 vigore
1646 906 1735 928 com-

986 941 1177 975 missionum
1187 944 1458 988 etrescriptorum
1471 946 1502 978 in
1517 948 1620 980 causis
1632 959 1736 981 came-

986 995 1109 1028 ralibus
1133 1002 1164 1029 et
1187 997 1257 1029 aliis
1283 997 1504 1042 infrascriptis,
1527 1011 1623 1043 quam
1640 1002 1735 1035 ctiam

985 1049 1176 1083 auctoritate
1198 1050 1362 1084 ordinaria
1379 1063 1415 1085 ac
1436 1063 1472 1085 cx
1484 1054 1613 1087 decreto
1625 1055 1735 1089 Came-

986 1112 1052 1142 rae,
1075 1103 1262 1144 monitoria,
1290 1104 1430 1146 decreta,
1448 1106 1628 1149 citationes,
1644 1120 1733 1142 man-

985 1154 1057 1188 data
1079 1157 1253 1197 execufiva,
1280 1158 1411 1192 brachia
1432 1162 1620 1202 saecularia,
1639 1163 1734 1195 alias-

985 1219 1048 1252 que
1069 1209 1300 1252 expeditiones,
1323 1222 1498 1253 annonam,
1529 1214 1606 1256 vias,
1634 1216 1731 1259 ripas,

985 1261 1141 1304 dohanas,
1175 1265 1346 1307 grasciam,
1391 1277 1549 1307 carceres,
1590 1280 1730 1308 zcecam,

984 1315 1315 1358 superintendentiam
1336 1318 1431 1352 Collis
1452 1320 1627 1363 Scipionis,
1653 1323 1733 1355 sala-

985 1368 1078 1410 riam,
1101 1371 1260 1412 gabellam
1283 1372 1442 1413 carnium,
1464 1380 1626 1414 annatam,
1642 1375 1734 1417 quin-

984 1422 1114 1464 dennia,
1142 1425 1243 1467 spolia
1268 1436 1304 1458 ac
1325 1427 1733 1472 commissariorumdepu-

984 1476 1131 1518 tationes,
1151 1478 1276 1512 omissis
1300 1480 1494 1523 plerumque
1519 1482 1733 1515 fideiussioni-

983 1529 1044 1562 bus
1072 1536 1103 1563 et
1134 1530 1325 1566 iuramentis
1367 1535 1524 1577 praestari
1556 1536 1729 1576 consuetis,

985 1584 1130 1628 expedita
1151 1596 1219 1618 esse
1240 1586 1328 1619 novis
1350 1598 1423 1620 cum
1444 1588 1607 1628 clausulis,
1627 1600 1733 1622 came-

984 1637 1069 1670 rario
1085 1644 1222 1679 tantum,
1247 1645 1277 1672 et
1297 1650 1361 1673 uon
1381 1641 1573 1684 supradictis
1593 1642 1730 1684 clericis,

983 1691 1148 1734 permissis
1163 1703 1200 1726 ac
1221 1694 1497 1735 convenientibus,
1520 1696 1597 1728 dum
1617 1696 1670 1728 alii
1689 1696 1732 1729 ita

984 1744 1147 1779 scribunt:
1161 1746 1355 1790 Expositum
1366 1748 1430 1789 suit
1444 1749 1533 1781 nobis
1545 1751 1577 1781 in
1593 1748 1731 1782 Camere

984 1798 1191 1841 Apostolica;
1216 1800 1292 1841 alii,
1321 1803 1513 1834 auctoritate
1531 1812 1600 1845 ⁴'qua
1627 1803 1734 1844 funqi-

984 1862 1058 1884 ‘mur
1079 1853 1113 1885 in
1139 1853 1199 1885 hac
1210 1858 1323 1897 purity
1340 1854 1407 1894 alii,
1427 1855 1522 1888 iuxta
1541 1856 1732 1889 mancz‘atmn

984 1905 1193 1939 sanctissimi·
1221 1908 1312 1940 nobis
1331 1913 1476 1941 oretenus
1492 1910 1638 1951 facttum·
1665 1909 1731 1947 alii,

984 1959 1106 1992 Datum
1118 1960 1238 1993 Romae
1254 1962 1285 1993 in
1298 1960 1433 1994 Camerti
1444 1962 1647 2005 Apostolica;
1663 1962 1730 2002 alii,

984 2013 1106 2046 Datum
1125 2014 1244 2047 Romae
1261 2015 1295 2046 in
1312 2015 1437 2057 palatio
1451 2020 1581 2055 nostro;
1604 2021 1635 2048 et
1653 2016 1732 2049 llaec

985 2076 1231 2110 nonnumquam
1251 2068 1318 2100 sola
1338 2079 1411 2100 eum
1427 2068 1661 2112 subscriptione
1673 2080 1731 2102 au-

985 2119 1126 2152 ditorum
1140 2125 1194 2152 aut
1214 2121 1462 2153 secretariorum
1478 2121 1640 2154 dictorum
1670 2123 1732 2155 cle--

985 2173 1141 2213 ricorum,
1170 2174 1284 2206 talibus
1300 2174 1395 2207 etiam
1417 2174 1674 2218 expeditionibus
1698 2175 1732 2209 in

985 2225 1118 2259 Camera
1147 2226 1342 2270 quandoque
1375 2226 1508 2260 minime
1541 2227 1729 2271 registratis,

986 2289 1101 2321 magna
1125 2290 1198 2311 cum
1219 2279 1335 2312 summi
1360 2279 1596 2313 Camerariatus
1628 2281 1731 2314 trihu-

985 2332 1065 2364 nalis
1100 2331 1300 2375 indignitate,
1334 2338 1366 2365 et
1390 2343 1499 2366 rerum
1529 2339 1598 2367 tum
1625 2334 1731 2379 priva-

985 2389 1091 2417 tarum
1113 2391 1180 2417 tum
1201 2385 1406 2428 publicarum
1421 2387 1628 2421 incommodo
1644 2388 1731 2422 etia-

986 2440 1087 2473 ctum,
1111 2434 1205 2466 e2iam
1232 2435 1405 2478 aliquando
1425 2436 1560 2470 clericos
1580 2447 1692 2471 causas
1714 2449 1733 2471 a

986 2483 1162 2515 camerario
1182 2483 1220 2515 ad
1241 2494 1274 2517 se
1299 2484 1478 2527 advocasse,
1490 2486 1733 2532 camerarioque

986 2531 1173 2563 inhibuisse.

1031 2581 1045 2623 ξ
1069 2579 1100 2611 4.
1124 2575 1732 2629 llisigituiomnibusintellectisper-
1760 2607 1811 2630 ,m
1827 2608 1860 2628 m„
1875 2608 1928 2629 von.

986 2634 1158 2674 spectaque
1169 2629 1321 2665 inanitate
1332 2642 1502 2668 causarum
1514 2633 1612 2669 huius
1627 2639 1732 2669 tantae
1747 2640 1796 2661 use*
1811 2641 1896 2660 imm-¹¹
1907 2644 1919 2660 ⁰
