2059 3228
62 214 90 243 C·
111 213 177 242 1676
787 223 966 248 caecemus
984 224 1040 247 xm
1058 225 1108 248 re.
1600 219 1662 251 «143
1716 220 1768 246 Au.
1789 221 1817 248 C.
1837 223 1905 248 1576

228 272 244 317 5
266 272 318 306 11.
334 273 539 317 Ipsarumque
557 273 769 317 praesentium
786 278 817 306 et
833 273 928 306 etiam
957 275 1212 315 congregationis
1236 277 1370 320 desuper
1393 278 1488 319 edito,
1515 289 1554 311 ne
1579 280 1617 311 ad
1643 289 1706 321 pu-

67 330 175 350 tmnum-
184 325 341 358 dictarum
371 325 547 358 litterarum
578 326 784 369 transumptis
801 352 809 366 ,
833 326 927 359 etiam
958 325 1053 358 blicas
1069 327 1311 369 supplicationes
1329 342 1382 363 seu
1400 332 1613 374 processiones
1630 333 1704 376 qui-

74 369 81 377 ·
183 378 354 422 impressis,
368 389 464 411 manu
481 380 595 412 notarii
614 379 729 422 publici
744 379 926 421 subscriptis
956 376 1001 409 vis
1025 388 1059 409 ex
1085 377 1167 411 illius
1192 383 1333 422 pei-sonis·
1359 384 1530 424 accederet,
1555 384 1615 417 nisi
1644 385 1699 418 ubi

182 435 213 464 et.
247 431 348 474 sigillo
386 432 518 464 alicuius
557 432 664 465 curiae
698 432 925 465 ecclesiasticae
955 436 1084 473 propter
1109 431 1340 465 l1:101·eti‹·01·un1
1367 437 1410 467 vel
1436 437 1601 476 gentilium
1625 447 1703 470 con-

180 493 237 517 seu
270 495 424 528 personae
461 486 493 517 in
527 486 682 528 dignitate
716 484 925 517 ecclesiastiea
955 483 1131 516 versionem
1161 491 1212 517 aut
1250 486 1328 519 alias
1358 489 1525 529 expediens
1554 500 1619 523 esse
1644 500 1703 533 pro

180 537 367 571 constitutae
381 538 521 577 munitis,
532 538 674 570 eamdem
689 546 817 580 prorsus
830 536 923 568 sidem
955 540 1094 578 tempore
1118 537 1252 569 existens
1270 541 1425 579 generalis
1444 542 1541 584 ipsius
1559 543 1700 576 Societa—

179 589 335 631 adhiberi,
353 600 432 633 quae
457 590 574 622 eisdem
599 589 815 633 praesentibus
835 588 924 621 adhi-
954 588 992 620 tis
1009 591 1207 633 praepositus
1225 591 1579 631 iudicaret,ordinatum
1594 596 1700 628 suerit.

179 641 320 683 beretur,
344 643 369 675 si
394 643 496 676 forent
519 643 676 676 exhibitae
699 643 746 674 vel
769 647 921 674 ostensae.
994 642 1009 684 ἓ
1033 642 1063 675 2.
1088 643 1299 676 Nihilominus
1324 647 1464 678 nonnulli
1491 649 1629 680 locorum
1647 659 1697 681 or·
1743 658 1897 679 emmunim<

50 705 62 721 ο
74 698 170 721 “buki—
322 696 437 736 Placet,
461 701 548 728 motu
572 695 713 738 proprio.
740 694 775 727 U.
951 694 1079 735 dinarii,
1097 696 1203 728 forsan
1221 697 1345 729 concilii
1365 699 1540 731 Tridentini
1559 702 1697 734 auetori-
1708 687 1899 742 ’νῖῖἓῗωΰῗῖἶίῗῗῗῖἷ

219 747 276 781 Die
292 758 336 781 vu
355 749 429 782 maii
446 758 589 781 MDLxxw
603 747 738 780 admissa
750 747 809 779 fuit
823 747 854 778 in
868 746 921 779 Ca·
950 751 1012 778 tate
1030 752 1060 779 et
1076 747 1201 780 decreto
1220 749 1307 789 moti,
1326 750 1426 782 dictos
1444 753 1642 795 presbyteros
1660 754 1698 786 ad
1709 738 1759 788 Elii
1774 744 1899 784 §iiff'x‘v’

175 810 263 833 mera
286 801 403 843 Apost.,
427 805 458 833 et.
480 811 536 843 per
560 800 621 832 RR.
645 800 701 832 PP.
719 800 775 832 DD.
793 800 920 832 clericos
949 796 1195 841 supplicationes
1214 802 1390 843 praedictas
1408 805 1579 845 procedere
1597 817 1698 849 nuper

173 852 338 895 registrari
362 853 519 894 mandata,
537 863 632 896 quam
656 863 715 895 ego
740 857 805 885 not.
823 852 920 885 infra-

175 906 312 950 scriptus
334 905 368 938 in
392 905 446 938 lib.
462 906 590 945 Divers.,
606 905 658 937 fol.
672 904 725 946 39,
742 904 918 947 registi-avi.

948 857 1144 893 coegerunt,
1170 863 1233 884 non
1258 853 1324 886 sine
1349 855 1473 888 illorum
1499 857 1695 891 functionum

948 914 984 935 ac
1009 904 1261 938 ministeriorum
1288 908 1513 941 retardatione.

991 956 1006 997 ἓ
1022 955 1052 988 3.
1070 957 1130 989 Nos
1147 957 1256 999 igitur,
1271 959 1324 1002 qui
1338 960 1483 1002 przesatos
1496 962 1695 1005 presbyteros
1719 978 1757 996 nso
1769 977 1896 1008 mdo-ron-

948 1012 977 1039 et
1002 1008 1165 1051 religiosos
1197 1011 1299 1044 dictae
1324 1012 1488 1046 Societatis
1513 1025 1530 1046 a
1554 1005 1896 1061 stt1t1iis‚‡³2fl}{÷3,¹⁰e‘3l¹m‘{‘{5

948 1061 1133 1094 lectionibus
1150 1090 1157 1103 ‚
1190 1065 1478 1106 praedicationibus
1495 1094 1502 1107 ‚
1528 1057 1896 1106 consessio-53:³1³:{mur

947 1113 1040 1146 nibus
1063 1115 1229 1148 audiendis
1257 1123 1288 1150 et
1313 1119 1382 1151 aliis
1407 1120 1494 1152 verbi
1520 1121 1572 1153 Dei
1599 1109 1851 1154 ῐηίιιί-Ῐίουὼωωγ
1868 1109 1896 1129 '⁴'

947 1165 1050 1199 steriis
1060 1177 1095 1199 ac
1105 1168 1231 1210 pietatis
1240 1170 1400 1212 operibus,
1409 1172 1524 1215 quibus
1542 1174 1692 1208 continue

947 1218 1147 1253 laudabiliter
1187 1221 1403 1256 incubuerunt
1441 1231 1472 1258 et
1508 1226 1691 1261 incumbere

948 1280 1009 1302 non
1041 1272 1205 1315 desistunt,
1231 1276 1341 1318 quavis
1368 1289 1405 1310 ex
1428 1289 1532 1320 causa⁷
1559 1281 1694 1314 distrahi

948 1325 1112 1364 uolumus;
1141 1328 1379 1362 considerantes
1409 1331 1441 1363 iu
1473 1332 1611 1366 Ecclesia
1635 1334 1690 1366 Dei

948 1386 1008 1409 non
1032 1377 1138 1411 deesse
1163 1380 1239 1412 alios
1257 1380 1389 1414 Ordines
1406 1383 1618 1426 Religionum,
1636 1387 1690 1428 qui

947 1430 990 1461 vel
1018 1441 1054 1462 ex
1086 1431 1240 1472 instituto,
1266 1435 1311 1466 vel
1341 1435 1460 1478 absque
1488 1438 1692 1481 propriarum

947 1483 1141 1516 functionum
1171 1486 1397 1528 impedimento
1415 1515 1422 1529 ‚
1454 1491 1693 1533 supplicationi-

947 1536 1002 1568 bus·
1027 1537 1207 1571 huiusmodi
1235 1540 1396 1581 interesse,
1418 1543 1541 1586 aliaque
1567 1546 1691 1587 publica

946 1589 1052 1622 divina·
1074 1591 1174 1623 officia
1192 1603 1336 1626 exercere
1353 1600 1458 1628 sancte
1476 1597 1690 1631 continenter—

945 1654 1004 1685 que
1022 1644 1155 1684 valeant,
1173 1645 1205 1676 in
1224 1647 1405 1688 praemissis
1422 1654 1599 1691 opportune
1616 1661 1688 1692 pro-

946 1696 1058 1736 videre,
1076 1697 1222 1740 ipsosque
1246 1701 1470 1742 praepositum,
1490 1703 1689 1745 presbyteros

943 1754 970 1780 et
998 1760 1106 1781 eorum
1143 1750 1283 1793 singulos
1319 1753 1505 1794 specialilius
1530 1755 1688 1787 sax-oribus

942 1807 971 1834 et
988 1803 1099 1844 gratiis
1115 1804 1262 1846 prosequi
1280 1805 1427 1845 volentes,
1445 1812 1474 1837 et
1491 1817 1508 1838 a
1526 1807 1687 1849 quibusvis

940 1855 1286 1897 excommunicationis,
1303 1858 1517 1899 suspensionis
1534 1864 1562 1890 et
1589 1859 1685 1891 inter-

939 1907 1013 1939 dicti
1038 1907 1169 1951 aliisque
1186 1909 1405 1941 ecclesiasticis
1421 1910 1594 1950 sententiis,
1612 1921 1686 1943 cen-

939 1960 1020 1992 suris
1044 1965 1074 1993 et
1098 1961 1231 2004 poenis,
1259 1972 1275 1994 a
1300 1961 1368 1994 iure
1393 1963 1440 1994 vel
1463 1963 1503 1994 ab
1528 1963 1657 1995 homine
1675 1989 1683 2003 ,

938 2013 1047 2055 quavis
1070 2014 1234 2046 occasione
1259 2014 1306 2046 vel
1329 2024 1432 2053 causa,
1458 2014 1537 2054 latis,
1563 2014 1588 2046 si
1614 2013 1685 2056 qui-

938 2066 996 2098 bus
1013 2066 1246 2108 quomodolibet
1265 2065 1407 2097 innodati
1425 2066 1571 2106 existunt,
1586 2066 1624 2099 ad
1641 2066 1685 2099 es—

938 2119 1053 2151 sectum
1077 2118 1291 2161 praesentium
1310 2118 1469 2150 dumtaxat
1488 2128 1683 2161 consequen-

937 2172 1022 2212 dum,
1040 2172 1155 2203 harum
1172 2171 1251 2203 serie
1269 2172 1464 2203 absolventes
1481 2175 1510 2202 et
1523 2171 1683 2205 absolutos

937 2225 1000 2257 sore
1017 2230 1188 2264 censentes,
1204 2229 1290 2256 motu
1308 2224 1446 2267 proprio,
1465 2235 1528 2257 non
1541 2225 1683 2258 addicto—

938 2288 1006 2309 rum
1032 2278 1200 2320 praepositi
1225 2282 1252 2309 et
1273 2277 1526 2319 presbyterorum
1543 2280 1590 2311 vel
1607 2280 1682 2312 alio-

936 2341 1004 2362 rum
1030 2341 1086 2373 pro
1111 2330 1155 2362 eis
1179 2330 1269 2361 nobis
1293 2340 1386 2372 super
1411 2330 1470 2363 hoc
1486 2331 1609 2365 oblatae
1625 2342 1679 2375 pe-

937 2384 1054 2415 titionis
1070 2383 1261 2417 instantiam,
1271 2383 1322 2414 sed
1336 2383 1373 2414 de
1388 2393 1474 2415 mera
1487 2388 1594 2416 nostra
1602 2384 1678 2417 deli-

937 2436 1106 2470 beratione,
1126 2436 1338 2477 praepositum
1357 2446 1391 2467 ac
1405 2447 1512 2469 omnes
1526 2442 1554 2469 et
1570 2438 1678 2480 singu—

935 2491 978 2522 los
1003 2490 1199 2532 presbytero<
1223 2499 1258 2520 ac
1283 2489 1445 2530 religiosos
1469 2495 1499 2522 et
1523 2501 1674 2532 personas

933 2543 1009 2574 alias
1026 2552 1133 2574 omnes
1151 2541 1252 2572 dictae
1270 2541 1442 2579 Soc=ieiatis‚
1459 2543 1576 2586 ubique
1593 2545 1675 2576 loco-

933 2605 1003 2627 rum
1028 2594 1205 2633 existentes,
1230 2594 1269 2626 ab
1287 2595 1503 2629 interessentia
1521 2598 1678 2641 supplica*

519 1045 576 1078 LV.

176 1132 266 1172 Quod
287 1133 427 1176 reliqiosi
449 1137 477 1166 et
496 1143 649 1176 personae
671 1131 832 1165 Socz'ecatis
846 1132 918 1165 Iesu

215 1185 259 1217 ad
280 1185 425 1228 publicas
449 1185 660 1228 processiones
690 1185 832 1218 accedere
854 1196 917 1218 non

215 1241 370 1280 coqantur
393 1239 415 1270 ².

166 1341 310 1379 Granni-tus
330 1344 403 1381 Papa
416 1345 475 1380 ΧΙΙΙ,
491 1346 522 1374 ad
538 1348 689 1382 pei-petuam
704 1346 741 1374 rei
757 1347 914 1374 memoriam.

214 1443 438 1488 Quaecumque
461 1456 625 1479 sacrarum
642 1446 843 1488 Religionum
870 1447 917 1478 in-

38 1505 126 1531 omni.
170 1497 280 1530 stituta
307 1497 475 1539 offendere,
499 1503 531 1531 et
558 1499 683 1531 illarum
707 1509 914 1542 personarum

168 1549 345 1583 functiones
369 1555 400 1583 et
433 1551 583 1584 salutaria
611 1551 787 1584 ministeria
817 1557 915 1584 retar-

167 1601 244 1635 dare
267 1608 452 1645 noscuntur,
466 1610 608 1637 nostrum
632 1615 690 1637 nos
714 1604 823 1637 incitat
849 1605 916 1637 offi-

165 1655 254 1688 cium
277 1656 316 1689 de
340 1657 444 1690 medio
468 1668 641 1690 removere.

216 1709 230 1752 ἓ
254 1709 284 1742 ’1.
301 1709 392 1751 Sane,
409 1710 490 1751 licet,
507 1711 588 1743 sicut
604 1709 791 1753 accepimus,
810 1710 913 1742 dilecti

65 1782 158 1805 mm„
173 1760 227 1794 filii
252 1763 449 1806 praepositus
477 1764 632 1806 generalis
656 1769 685 1796 et
711 1763 762 1796 alii
787 1764 913 1806 presby—

30 1808 158 1861 fflffissssf,
167 1815 224 1848 teri
247 1816 386 1859 religiosi
412 1816 577 1848 Societatis
592 1817 672 1856 Iesu,
690 1816 729 1848 ab
747 1816 830 1848 illius
848 1816 911 1858 pri—

25 1863 274 1910 fflssffiffmmaeva
305 1869 473 1909 erectione,
499 1879 517 1901 a
549 1868 627 1901 Sede
651 1868 711 1900 hac
734 1869 907 1910 Apostoliea

164 1919 250 1953 iuxta
272 1920 396 1954 divinae
412 1921 583 1954 vocationis
600 1921 808 1954 directionem
825 1933 910 1954 ema-

164 1976 238 2004 nata
261 1978 291 2005 et
315 1983 372 2016 per
395 1984 452 2006 nos
477 1974 572 2006 etiam
589 1974 787 2015 confirmata,
806 1975 845 2008 ad
863 1976 910 2007 di-

163 2024 273 2057 vinum
289 2026 426 2059 officium
443 2027 588 2069 privatim
609 2033 729 2060 tantum
748 2033 778 2061 et
795 2039 858 2062 non
877 2029 908 2061 in

165 2078 324 2110 communi
339 2089 393 2111 seu
406 2079 438 2111 in
452 2079 549 2112 choro
563 2080 761 2113 recitandum
778 2087 908 2114 tenean-

167 2132 241 2167 tur;
272 2140 317 2170 ac,
346 2137 475 2174 propter
509 2132 608 2175 ipsius
645 2133 808 2167 Societatis
845 2140 906 2167 tam

166 2181 264 2213 multa
287 2183 417 2224 collegia
440 2188 470 2216 et
494 2184 674 2225 seminaria,
692 2196 772 2228 quae
790 2187 907 2229 specia-

163 2233 224 2266 lem
248 2235 406 2276 postulant
429 2236 562 2269 instituti
588 2238 727 2281 religiosi
755 2241 905 2290 moduniy

164 2297 288 2320 necnon
306 2287 555 2322 ministeriorum
568 2290 651 2323 illius
664 2293 904 2335 amplitudinem

164 2351 201 2373 ac
230 2341 444 2372 difficultatem
476 2347 504 2374 et
529 2342 562 2374 in
586 2344 715 2376 ecclesia
740 2345 792 2377 Dei
818 2348 904 2379 utili-

164 2397 270 2433 tatem,
295 2404 329 2425 ex
354 2393 484 2436 antiqua
507 2397 734 2430 consuetudine
752 2398 813 2431 iam
833 2400 903 2433 inde

164 2446 204 2479 ab
227 2446 406 2479 huiusmodi
431 2447 587 2480 erectione
612 2455 746 2492 recepta,
760 2451 906 2484 observa—

163 2504 241 2540 tum,
265 2500 453 2542 decretoque
483 2500 578 2532 etiam
607 2502 762 2543 generalis
793 2513 902 2537 eorum

199 2564 212 2588 1
234 2560 296 2588 Atta
315 2563 347 2589 de
365 2563 415 2589 hac
436 2563 571 2589 Societate
589 2563 652 2589 vide
670 2565 698 2590 in
717 2567 904 2594 consuens-1

158 2596 250 2623 Pauli·
260 2597 310 2630 111,
329 2599 470 2632 Rcyimim',
490 2601 555 2625 tom.
574 2608 610 2632 v1,
629 2608 691 2633 pag.
711 2601 769 2626 303.
