2059 3228
132 264 172 293 An
201 265 220 293 C
245 267 311 296 ¹58⁶)
372 258 435 290 :³⁰4
919 263 1094 287 arimanni

328 320 442 359 tribus,
465 318 650 359 succipitur
675 316 858 349 *humantes
869 315 1025 348 universis
1045 320 1072 347 vt
1095 330 1097 336 v

328 372 462 413 singulis
486 372 694 403 ecclesiarum
718 369 868 412 praelatis
896 379 1074 412 eorumque

331 425 455 458 vivariis
489 434 614 457 necnon
636 423 815 456 rectoribus
841 428 872 455 et
901 422 988 455 verbi
1022 421 1075 454 Dei

330 477 604 521 praedicatorilnis
624 476 804 519 ceterisque
824 475 974 508 omnihus
1004 485 1075 518 per-

328 531 415 564 sonis
435 530 669 569 ecclesiasticis,
682 535 716 562 ut
737 540 790 562 eas
805 529 836 562 in
854 529 920 562 suis
940 531 1076 572 quisque

328 585 407 618 locis
427 590 457 617 et
475 583 630 623 ecclesiis,
653 583 749 616 etiam
780 583 811 615 iu
843 582 920 626 ipsis
945 582 1076 616 concio-

328 638 434 678 nibus,
462 638 582 682 populo
606 637 803 681 promulgari
825 636 950 679 (fraude
975 641 1003 668 et
1031 637 1077 668 lu-

328 702 382 723 cro
414 691 625 733 cessantibus)
659 690 778 723 saciant
815 696 843 723 et
876 689 1074 732 permittant,

327 755 489 788 unamque
509 745 556 777 vel
578 744 688 788 plures
707 744 859 788 probatae
880 743 953 775 fidoi
970 753 1077 786 perso-

326 809 395 838 nas,
418 807 484 831 non
519 803 626 830 tamen
664 803 863 840 quaestores,
891 807 949 840 pro
978 807 1076 839 quae-

326 851 448 890 rendis,
484 851 678 895 recipiendis
712 857 742 884 et
775 850 851 894 ipsis
878 850 987 892 Anglis
1021 860 1077 882 seu

326 904 487 948 deputatis
507 904 630 947 integre
651 903 876 946 consignandis
901 904 1077 946 elcemosy-

326 958 377 991 nis
397 958 584 991 huiusmodi
605 963 757 991 statuant.

372 1012 386 1055 ἓ
405 1011 437 1045 3.
459 1012 541 1050 Quin
563 1011 658 1045 etiam
692 1010 874 1043 carissimos
894 1013 926 1042 in
951 1009 1078 1043 Christo

156 1072 201 1103 ΑΠ’,
222 1072 315 1104 twtafio
328 1066 414 1099 filios
430 1066 662 1109 imperatorem
681 1071 869 1108 ceterosque
882 1063 968 1097 orbis
987 1063 1078 1096 Chri-

131 1103 156 1122 ’ἀ
170 1105 287 1127 ⁹¹¹¹¹⁰'¹³⁰⁵‘
329 1119 423 1152 stiani
443 1130 535 1161 reges
555 1125 583 1152 et
602 1119 767 1162 principes
780 1127 931 1160 rogamus
951 1122 996 1156 ut,
1020 1128 1078 1160 pro

330 1183 387 1206 sua
406 1173 438 1205 in
458 1173 558 1206 Deum
578 1172 696 1216 pietate
717 1177 747 1204 et
767 1181 927 1214 propensa
944 1170 975 1202 in
997 1181 1078 1213 pau-

327 1237 421 1271 peres
441 1237 573 1269 egenos,
596 1224 785 1270 praesertim
806 1235 866 1267 pro
886 1224 949 1256 fide
971 1224 1080 1256 catho-

327 1280 389 1313 lica
407 1281 603 1321 laboranteS,
626 1279 836 1321 benignitate,
871 1278 1021 1311 facultate
1047 1277 1080 1309 il·

327 1333 366 1367 lis
394 1345 412 1366 a
440 1334 504 1367 Deo
530 1333 655 1366 miseris
685 1331 895 1366 subveniendi
933 1331 1077 1373 elargita,

325 1388 455 1431 pietatis
474 1387 579 1420 studia
615 1391 798 1424 exerceant,
835 1395 1025 1428 eorumque,
1049 1384 1080 1417 in

329 1441 447 1485 quibus
480 1447 577 1479 tanta,
601 1441 771 1473 adiuvante
796 1439 945 1478 Domino,
976 1438 1080 1471 elucet

329 1494 521 1528 christianae
543 1493 708 1537 religionis
739 1492 986 1536 perseverantia,
1009 1498 1080 1524 tan-

329 1553 398 1581 tum
416 1547 501 1591 viget
520 1558 614 1580 verae
635 1547 761 1591 pietatis
785 1546 982 1589 exemplum,
1006 1556 1080 1588 ege-

330 1606 442 1635 statem
464 1601 641 1640 sublevent,
675 1606 705 1633 et
738 1599 1000 1643 quibuscumque
1025 1609 1082 1643 po-

331 1655 450 1688 tuerint
484 1654 646 1688 favoribus
680 1658 929 1697 prosequantur.
965 1652 1081 1685 Scituri

331 1709 529 1753 quicumque
557 1707 620 1740 illis
654 1706 908 1740 misericordiam
934 1706 1079 1746 fecerint,

331 1772 400 1795 sese
420 1773 438 1795 a
457 1762 673 1804 Redemptore
701 1765 811 1793 nostro
836 1760 906 1792 lesu
941 1759 1079 1799 Christo,

332 1815 425 1849 cuius
444 1820 530 1849 certa
551 1820 624 1848 sunt
659 1813 825 1857 promissa,
860 1812 1082 1846 retributionis

332 1869 515 1914 praemium
531 1868 564 1901 in
584 1874 715 1901 aeterna
735 1867 880 1901 coelestis
900 1868 990 1910 regni
1011 1867 1084 1899 bea-

333 1923 471 1956 titudine
495 1927 719 1967 percepturos.
1102 1934 1106 1970 Ι

378 1971 444 2015 §lta⁸
468 1971 548 2010 Quia
567 1981 641 2004 vero
679 1974 865 2014 praesentes
897 1969 937 2001 ad
975 1969 1085 2001 omnia

185 2024 246 2045 Pide*
263 2026 321 2044 [ω’-
334 2021 417 2061 loca,
444 2021 562 2064 quibus
583 2020 645 2052 illis
664 2030 747 2063 opus
766 2025 860 2059 esset,
883 2017 1001 2050 deferri
1031 2028 1085 2050 ne·
1102 1973 1107 2181 ι

1105 2183 1109 2332 i

135 2057 273 2080 nuptorum.
617 2069 623 2074 .
775 2068 781 2073 .

335 2075 471 2114 queunt,
493 2069 700 2102 decernimus
720 2073 755 2101 ut
774 2068 903 2100 illarum
925 2073 1085 2099 transum-

336 2118 411 2162 ptis,
438 2118 534 2151 etiam
560 2117 735 2161 impressis,
757 2126 854 2149 manu
875 2115 991 2148 notarii
1025 2127 1084 2159 pu·

336 2167 412 2200 blici
431 2167 622 2211 subscriptis
641 2172 672 2199 et
691 2165 797 2209 sigillo
817 2164 954 2198 alicuius
974 2175 1085 2207 perso-

336 2226 396 2249 nae
416 2215 449 2249 in
469 2216 623 2259 dignitate
643 2214 859 2249 ecclesiastica
892 2213 1086 2246 constitutae

338 2264 482 2304 munitis,
504 2264 616 2298 eadem
638 2274 770 2308 prorsus
807 2262 886 2295 fides
916 2262 1084 2302 habeatur,

338 2323 421 2356 quae
445 2313 564 2346 eisdem
581 2312 791 2356 originalibus
815 2311 928 2344 litteris
953 2310 1086 2343 adhibe-

339 2367 441 2401 retur,
463 2361 488 2394 si
510 2362 614 2395 forent.
633 2360 792 2394 exhibitae
811 2359 859 2392 vel
884 2365 1041 2392 ostensae.

384 2411 496 2443 Datum
516 2410 635 2444 Romae
656 2411 741 2454 apud
770 2409 801 2442 S.
838 2408 981 2448 Petrum,
1003 2417 1088 2440 anno

340 2458 572 2492 Incarnationis
591 2459 771 2492 dominicae
793 2456 963 2490 millesimo
995 2456 1089 2500 quin-

341 2507 519 2550 gentesimo
539 2507 758 2550 octuagesimo
788 2505 940 2546 secundo,
965 2505 1089 2538 duode-
1109 2523 1111 2545 t

341 2556 425 2590 cimo
445 2556 596 2590 kalendas
617 2556 782 2596 februarii,
805 2554 1011 2600 pontificatus
1031 2564 1090 2587 no·
1109 2554 1112 2591 l

342 2603 399 2638 stri
418 2614 502 2637 anno
522 2604 660 2638 decimo.

369 2657 431 2688 Dat.
448 2657 495 2688 die
511 2658 545 2688 21
564 2657 692 2690 ianuarii
710 2657 796 2696 1589,
814 2657 917 2699 pontif.
933 2665 1011 2689 anno
1028 2665 1055 2687 x.

1106 2339 1108 2350 t

1120 259 1266 283 nouum
1879 258 1932 287 «in.

1424 311 1562 346 CXXXV.

1121 387 1280 427 Quomodo
1315 388 1528 429 permittatur
1572 386 1692 422 Ordini
1724 385 1866 430 fratrum

1161 441 1276 473 Sancti
1295 440 1434 472 Antonii
1460 440 1648 473 Viennensis
1670 451 1730 483 pro
1758 451 1866 474 eorum

1162 494 1373 536 hospitalitates
1392 493 1606 536 eleemosynas
1629 494 1773 537 colliyere
1792 492 1820 528 ¹.

1118 566 1193 599 Greg.
1206 565 1262 592 rius
1273 566 1343 599 Papa
1351 564 1419 597 XIII.
1430 564 1464 592 ad
1472 566 1636 600 perpetuam
1644 565 1686 593 rei
1695 564 1862 594 memoriam.

1118 685 1234 723 specta,
1256 680 1330 712 dum
1350 679 1484 722 singulis
1519 679 1723 713 monasteriis
1741 685 1773 714 et
1796 680 1868 714 aliis

1119 733 1320 775 regularibus
1345 733 1423 765 locis
1443 733 1584 775 cogitare
1608 733 1798 778 impellitur,
1828 735 1867 768 ad

1119 786 1172 818 illa
1192 787 1239 819 vel
1259 787 1293 819 iu
1315 786 1426 830 primis
1447 786 1563 819 mentis
1587 797 1663 820 suae
1683 787 1786 820 aciem
1819 787 1868 821 di-

1119 839 1205 882 rigit,
1229 850 1310 882 quae
1332 851 1368 872 ex
1393 850 1506 872 eorum
1527 839 1684 881 instituto,
1698 841 1867 884 languido-

1119 902 1192 925 rum
1213 898 1243 925 et
1263 892 1644 926 aliarummiserabilium
1656 904 1868 937 personarum

1119 945 1324 989 hospitalitati
1347 946 1496 986 obnoxia,
1519 957 1663 989 congruo
1683 947 1869 981 subventio-

1120 998 1169 1031 nis
1189 999 1307 1032 auxilio
1328 999 1471 1041 indigere
1497 1000 1742 1042 dignoscuntur.

1162 626 1295 669 Romani
1316 626 1481 658 Pontificis
1502 626 1701 669 providentia
1725 626 1866 661 circum·
1906 615 2035 718 nnn}

1982 716 2003 847 Ξ

1985 983 1991 998 ι

1163 1053 1178 1095 ξ
1198 1053 1228 1084 l.
1251 1052 1346 1093 Sane,
1368 1053 1443 1086 lic-et
1462 1063 1589 1086 sacrum
1611 1053 1786 1087 concilium
1799 1048 1869 1086 Tri·
1949 1066 2005 1088 ἡ

1120 1106 1300 1146 deminum,
1324 1113 1455 1150 propter
1466 1117 1580 1150 pravos
1592 1107 1870 1151 eleemosynarum
1882 1097 2016 1157 ξιῖξᾛ

1121 1165 1331 1203 quaestorum
1352 1160 1482 1200 abusus,
1505 1171 1618 1194 eorum
1640 1170 1759 1193 nomen
1774 1166 1870 1205 atque
1882 1162 1921 1183 Μ
1941 1164 2001 1182 '¹⁰¹¹'

1121 1225 1214 1246 usum
1236 1213 1365 1256 penitus
1385 1214 1572 1253 aboleverit,
1592 1224 1698 1257 neque
1718 1214 1806 1258 ipsos
1831 1215 1872 1248 ad
1882 1197 2013 1245 miili*

1121 1267 1261 1300 osticium
1270 1266 1455 1300 huiusmodi
1465 1267 1680 1300 exercendum
1691 1267 1759 1301 ullo
1773 1268 1870 1301 modo
1883 1260 1939 1277 ’ω’

1121 1320 1246 1353 admitti
1265 1320 1414 1360 voluerit,
1445 1326 1586 1353 attamen
1601 1320 1705 1354 noluit
1722 1326 1765 1354 ·ut
1785 1321 1870 1355 elee-

1123 1385 1340 1418 mosynarum,
1363 1373 1586 1418 hospitalibus,
1614 1374 1646 1408 in
1667 1374 1786 1418 quibus
1810 1375 1871 1409 ho·

1122 1427 1276 1472 spitalitas
1295 1433 1369 1461 actu
1389 1433 1568 1468 exercetur,
1604 1428 1644 1461 ad
1665 1439 1779 1473 eorum
1803 1439 1874 1463 sus-

1124 1482 1332 1514 tentationem
1352 1493 1370 1514 a
1390 1481 1510 1514 devotis
1524 1481 1788 1516 christifidelibus
1797 1493 1871 1516 ero-

1121 1535 1189 1578 gari
1210 1535 1390 1575 solitarum,
1404 1535 1594 1578 perquisitio
1609 1541 1706 1579 atque
1722 1535 1871 1569 collectio

1105 1589 1163 1621 ‘ab
1184 1588 1327 1621 honestis
1356 1589 1502 1632 personis
1536 1589 1738 1632 honestoque
1776 1589 1872 1623 modo

1124 1642 1207 1675 sacta
1231 1642 1472 1686 prohiberetur.

1167 1696 1182 1739 ἓ
1202 1695 1232 1728 2.
1256 1695 1423 1735 Quocirca,
1444 1706 1483 1728 ne
1504 1696 1564 1729 hoc
1580 1701 1746 1740 praetextu
1761 1706 1873 1730 mona·
1911 1713 1949 1736 ffi„

1123 1749 1255 1782 sterium
1281 1749 1319 1781 ad
1354 1749 1530 1781 Romanam
1567 1749 1741 1783 Ecclesiam
1781 1750 1871 1784 nullo
1885 1745 1937 1767 “¹⁶¹

1885 1777 1950 1799 licere
1991 1780 2005 1792 ¹⁶

1125 1803 1231 1836 medio
1258 1804 1423 1846 pertinens
1442 1802 1472 1835 S.
1501 1802 1630 1836 Antonii
1663 1803 1702 1836 de
1721 1803 1753 1837 S.
1775 1804 1874 1837 Anto·
1886 1808 1908 1829 S·
1924 1809 1955 1829 An

1886 1845 1955 1860 211105
1966 1849 1967 1855 ¹
1987 1841 1991 1843 ⁵

1124 1857 1190 1897 nio,
1207 1856 1336 1890 Ordinis
1345 1856 1375 1890 S.
1389 1856 1766 1899 Augustini‚Viennensis
1782 1856 1872 1890 dioe-
1887 1873 1908 1891 ιο
1923 1875 1956 1891 mo

1126 1910 1217 1951 cesis,
1238 1910 1388 1953 illiusque
1408 1909 1581 1954 hospitalia
1618 1918 1648 1943 et
1667 1910 1785 1944 domus
1815 1906 1946 1955 pergen.
1989 1931 1994 1939 ·

1126 1964 1239 1996 orbem
1269 1963 1480 1996 christianum
1519 1963 1614 2006 longe
1643 1964 1772 2006 lateque
1808 1963 1874 1997 dis-

1126 2028 1231 2061 persa,
1271 2017 1311 2049 ad
1329 2027 1411 2060 quae
1429 2017 1524 2060 (sicut
1542 2016 1649 2050 dilecti
1680 2017 1739 2049 filii
1777 2017 1874 2051 abbas

1127 2076 1158 2104 et
1178 2076 1351 2104 conventus
1371 2070 1446 2103 dicti
1474 2070 1660 2103 monasterii
1689 2070 1782 2104 nobis
1815 2081 1877 2104 nu·
1917 2070 1920 2074 ’

1127 2134 1186 2168 per
1217 2123 1332 2166 exponi
1371 2123 1530 2166 fecerunt)
1565 2123 1764 2157 miserabiles
1801 2123 1876 2157 illae

1129 2182 1286 2215 personae
1319 2171 1481 2205 horrendo
1506 2172 1587 2204 sacri
1621 2172 1704 2215 ignis
1729 2172 1875 2206 cruciatu

1129 2226 1296 2264 correptae
1320 2231 1488 2254 recursum
1525 2220 1655 2261 habere,
1681 2220 1790 2265 ibique
1822 2231 1874 2254 re-

1130 2271 1193 2314 cipi
1214 2276 1309 2314 atque
1329 2269 1435 2303 curari
1455 2275 1486 2302 et
1504 2269 1676 2303 sustentari
1706 2269 1820 2309 solent,
1844 2274 1876 2302 et

1130 2320 1163 2352 in
1187 2319 1306 2363 quibus
1324 2318 1523 2362 hospitalitas
1543 2324 1697 2360 servatur,
1719 2317 1780 2362 piis
1790 2317 1876 2351 chri-

1131 2368 1317 2402 stifidelium
1343 2367 1566 2411 eleemosynis,
1588 2366 1655 2400 sine
1679 2366 1796 2410 quibus
1818 2366 1877 2399 ho-

1133 2417 1289 2461 spitalitas
1310 2416 1493 2449 huiusmodi
1506 2416 1646 2449 exerceri
1654 2421 1685 2449 et
1703 2415 1766 2448 alia
1778 2425 1875 2448 onera

1169 2486 1178 2511 1
1198 2483 1497 2512 Consonatconcilium
1507 2481 1712 2515 Tridentinum,
1729 2488 1800 2510 sess.
1816 2486 1876 2514 xxi,

1133 2536 1193 2563 cap.
1204 2535 1243 2562 ix,
1251 2532 1277 2556 et
1285 2532 1376 2556 const.
1388 2534 1473 2555 cxvni
1486 2527 1524 2555 Pii
1534 2527 1577 2560 IV,
1586 2528 1629 2554 Ex
1639 2527 1735 2560 debito,
1747 2529 1814 2554 tom.
1825 2531 1876 2559 vn,

1135 2581 1197 2608 pag.
1219 2573 1279 2600 379.
1301 2573 1399 2601 Cetera
1419 2573 1453 2600 de
1469 2573 1523 2600 hoc
1546 2571 1650 2606 Ordine
1669 2571 1726 2599 dixi
1746 2570 1774 2598 in
1792 2569 1879 2598 Boni-

1136 2617 1198 2644 facii
1223 2617 1282 2644 vul
1303 2621 1392 2645 const.
1413 2623 1453 2651 xi,
1483 2616 1515 2643 ln¹
1535 2616 1716 2652 dispositione,
1738 2618 1807 2644 tom.
1838 2619 1878 2650 lv,

1136 2669 1199 2698 pag.
1214 2662 1271 2690 143.

1959 1713 1993 1737 ia*

1978 1746 1999 1770 ,ῃ
2016 1747 2017 1751 ’

1957 1808 2001 1836 ω’

1958 1869 1984 1903 d.
