2059 3228
30 282 158 313 ,0.1578
752 287 927 312 caesonius
949 287 1003 311 x111
1027 287 1075 311 rr.
1587 277 1649 309 ⁶227
1706 284 1757 311 An.
1776 285 1794 311 c
1826 286 1889 312 1572

170 342 252 370 rant:
274 337 311 370 Et
330 337 354 370 si
376 337 907 382 transmunimaeritetprohata,
993 338 1007 381 g
1027 338 1080 371 10.
1104 338 1141 371 Et
1160 339 1276 374 deinde
1297 340 1328 373 in
1346 340 1406 374 isto
1417 339 1522 385 primo
1535 338 1688 382 capitulo,
1733 344 1755 365 ει
1778 346 1796 365 ε..
1821 348 1886 372 immo

169 389 231 423 sint
249 389 344 422 etiam
364 389 474 433 privati
496 390 527 422 iu
549 396 740 435 perpetuum
759 401 836 424 voce
854 401 908 424 ac·
949 401 1007 434 pro
1036 391 1179 435 qualibet
1214 393 1376 435 provincia
1391 421 1398 434 ,
1433 397 1479 426 tot
1511 391 1691 425 sacerdotes
1705 377 1889 434 Ῐεῖῐὲῗυιξὲζῗῑῖἷῗῗέ

168 441 230 475 tiva
248 447 280 475 et
298 442 431 486 passiva,
454 447 485 475 et
505 443 662 476 inhabiles
679 444 718 476 ad
738 454 910 487 quaecum·
948 449 1026 486 quot
1044 449 1118 477 sunt
1132 445 1332 487 praelaturae
1345 447 1376 479 in
1390 445 1563 489 provincia,
1579 449 1621 485 et,
1644 443 1691 475 ul-
1704 439 1889 495 ζζζωζξξζξζῐζζζ

145 498 230 538 ’que
247 494 352 528 officia
372 495 566 534 exercenda,
588 496 648 529 nisi
677 507 715 529 ex
742 496 907 539 dispensa·
949 501 1008 536 tra,
1035 496 1115 529 alios
1134 498 1315 531 sacerdotes
1336 503 1473 542 quatuor
1500 497 1622 530 habiles
1651 496 1688 529 ad
1705 502 1753 519 sunt
1783 500 1888 551 552012151-

167 547 252 581 tione
271 547 448 591 apostolica
467 553 498 581 et
518 549 556 582 de
577 559 734 582 consensu
757 549 906 582 definito·
949 549 1164 592 praelaturam
1192 551 1403 583 exercendam
1429 551 1610 594 approbare
1634 549 1689 582 de-
1704 533 1889 582 fssgrf²⁸¹⁰⁸qu⁴⁴

166 611 238 634 rum
257 600 350 634 aliter
369 601 464 634 suerit
479 601 655 634 decretum.
672 601 800 646 Ipsique
819 613 908 635 scru-
947 602 1053 643 beant,
1076 602 1130 645 qui
1147 602 1297 635 etiam-ad
1313 602 1481 636 visitatoris
1497 602 1627 635 maioris
1642 602 1690 635 of-

165 657 284 691 tatores
301 653 470 697 utriusque
481 653 906 698 provinciaeinsimul-sche-
946 655 1056 688 ficium
1081 655 1228 689 similiter
1256 657 1423 700 approbati
1451 657 1687 699 intelligantur3

166 705 257 739 dulas
279 706 374 750 ipsas,
393 713 427 740 ut
451 707 591 751 legitime
613 707 807 741 adnotentur
829 708 907 741 defi·
946 708 1098 752 quodque
1119 708 1139 740 ii
1160 715 1284 742 tantum
1305 709 1345 741 ad
1365 710 1579 752 praelaturam
1600 714 1630 741 et
1650 708 1689 740 ad

163 759 398 793 nitoresvidere
409 760 556 801 debeant;
569 760 634 794 etsi
644 760 905 804 ipsiscrutatores
945 761 1113 795 visitatoris
1133 762 1264 795 maioris
1290 762 1430 796 officium
1455 763 1686 805 approbentur,

163 811 196 845 in
207 811 347 857 aliquam
363 813 506 846 fraudem
520 813 657 846 invicem
670 814 902 854 consenserint,
944 814 999 857 qui
1019 815 1123 848 officia
1137 815 1261 848 minora
1273 815 1380 858 digne,
1394 815 1561 858 gradatim,
1576 815 1688 847 saltem

162 865 309 899 eamdem
328 876 465 910 poenam
485 866 662 899 incurrant.
943 867 1073 901 hiennio
1093 868 1126 901 in
1145 869 1287 911 quolibet
1312 868 1429 908 officio,
1443 868 1579 900 fideliter
1598 878 1687 899 exer-

205 919 221 963 §
240 919 272 953 8.
301 919 480 961 Praeterea,
503 925 624 963 septem
644 919 830 953 definitores
847 930 905 964 per
944 921 1081 962 cuerint;
1103 922 1201 954 semel
1231 927 1335 954 autem
1356 921 1540 966 approbati,
1562 931 1689 963 semper

47 977 148 1002 muneres
160 972 341 1013 schedulas,
353 983 411 1017 pro
423 973 566 1016 qualibet
580 973 758 1017 provincia,
773 973 812 1006 ab
824 983 904 1006 uno·
943 974 1066 1006 habiles
1085 974 1318 1017 intelligantur.

35 1015 149 1069 3212:ss
160 1035 290 1070 quoque
315 1026 440 1066 vocale,
468 1031 503 1059 ut
530 1026 627 1059 moris
656 1032 722 1067 est,
751 1026 903 1069 sigillatas
986 1027 1001 1069 ξ
1025 1026 1078 1059 tt.
1101 1027 1136 1060 ln
1153 1027 1268 1060 suturis
1278 1037 1352 1060 vero
1370 1026 1528 1070 capitulis,
1551 1036 1685 1058 numero
1752 1040 1882 1062 Deficiente-

28 1072 67 1094 ffl'
161 1077 251 1123 prius
274 1079 378 1122 sigillo
403 1080 634 1122 praesidentis,
657 1085 688 1113 et
706 1080 903 1124 subscriptas
942 1080 1215 1124 approbatorum,
1244 1091 1302 1124 per
1329 1080 1451 1113 obitum
1482 1085 1537 1111 aut
1562 1079 1684 1111 ratione
1700 1075 1743 1120 Ἐξ]
1758 1072 1882 1127 ῧρξζῗξζζζζ

159 1143 179 1166 a
197 1132 323 1165 duobus
341 1132 521 1165 senioribus
541 1133 728 1174 maioribus,
751 1133 806 1176 qui
826 1134 901 1167 asti·
942 1133 1116 1177 perpetrati
1148 1143 1206 1176 per
1233 1133 1373 1176 aliquem
1401 1132 1508 1165 delicti
1534 1131 1884 1184 privatio-2¹³¹ffnu1'3512211ffl3

157 1185 265 1226 terint,
282 1191 318 1218 ut
336 1191 621 1229 recognoscantur,
636 1186 668 1218 in
681 1186 798 1230 quibus
813 1187 903 1220 sche-
941 1196 1027 1227 nem,
1051 1186 1232 1227 deficiente,
1256 1192 1286 1219 et
1306 1196 1369 1218 non
1390 1185 1497 1225 aliter,
1520 1184 1573 1217 alii
1594 1184 1625 1216 in
1646 1184 1685 1215 il-
1700 1169 1788 1215 cifutur.

157 1238 243 1272 dulis
262 1239 393 1272 n'omina
416 1239 562 1272 omnium
581 1239 739 1273 vocalium
759 1239 900 1272 habean-
941 1239 1046 1273 lorum
1066 1240 1174 1273 locum
1194 1239 1424 1282 approbentur.
1440 1238 1485 1270 lta
1501 1237 1587 1280 quod
1602 1247 1685 1270 sem-

157 1297 221 1334 tur,
254 1303 292 1326 ex
320 1292 438 1337 quibus
464 1293 596 1326 nomina
622 1293 769 1333 illorum,
792 1293 848 1336 qui
868 1293 901 1325 in
942 1303 999 1336 per
1013 1303 1168 1326 numerus
1187 1298 1326 1336 quatuor
1344 1296 1468 1324 tantum
1488 1296 1576 1323 extra
1595 1300 1686 1333 prae-

156 1345 213 1379 illo
231 1345 372 1390 capitulo
392 1346 527 1389 praelati
546 1346 755 1387 accesserint,
778 1347 902 1390 signata
940 1347 1060 1379 laturas
1080 1357 1097 1379 a
1116 1346 1260 1389 quolibet
1280 1345 1421 1389 capitulo
1441 1344 1608 1377 habeatur.

156 1398 271 1432 sintin
289 1399 434 1442 margine
453 1399 589 1443 paginae
617 1399 708 1442 signo
735 1399 853 1441 crucis,
871 1404 902 1433 et
982 1399 997 1443 ἓ
1021 1399 1073 1432 12.
1102 1399 1140 1432 Et
1164 1398 1189 1432 si
1223 1399 1307 1431 intra
1337 1397 1513 1431 triennium
1543 1397 1683 1439 aliquem
1725 1409 1821 1445 praeuio
1844 1413 1881 1432 m-

155 1462 194 1485 ex
211 1451 290 1496 ipsis
309 1451 440 1496 signatis
460 1452 534 1495 eligi
552 1458 583 1486 et
602 1452 742 1496 relinqui
758 1453 790 1486 in
807 1452 901 1486 dictis
940 1453 1156 1497 praelatorum
1177 1452 1345 1491 decedere,
1367 1451 1415 1483 vel
1434 1461 1452 1483 a
1468 1449 1685 1483 visitatoribus
1699 1440 1879 1493 ξξωᾶζζῗξωξξῖ

155 1505 318 1539 schedulis
337 1505 376 1538 ad
405 1505 512 1539 minus
540 1506 695 1549 quinque,
725 1513 756 1539 et
783 1506 900 1550 reliqui
939 1506 986 1539 vel
1006 1517 1024 1538 a
1044 1505 1184 1549 capitulo
1204 1506 1245 1537 ob
1265 1503 1373 1547 aliqua
1392 1503 1548 1536 demerita
1568 1501 1683 1546 privari
1698 1503 1879 1554 ξὲὴξΐῶεωὲῑὲω

155 1558 232 1600 duo,
254 1568 425 1592 numerum
445 1560 663 1603 septenarium
680 1559 898 1599 conficientes,
939 1558 1126 1601 contigerit,
1148 1557 1229 1590 alius
1256 1562 1344 1589 extra
1372 1566 1545 1589 numerum
1566 1565 1683 1598 appro-
1699 1565 1831 1599 probatorum
1859 1541 1880 1586 ἶ.

154 1621 214 1656 pro
246 1611 473 1645 definitoribus
502 1612 657 1656 cuiusque
691 1613 876 1656 provinciae
890 1640 897 1653 ,
939 1611 1089 1644 batorum
1109 1610 1228 1643 assumi
1245 1609 1376 1642 minime
1388 1609 1506 1652 possit,
1529 1608 1685 1650 aliterque
1700 1595 1781 1619 ¹¹g³¹⁰¹'

154 1664 288 1698 arbitrio
300 1670 331 1698 et
346 1665 524 1699 secundum
536 1665 765 1699 conscientiam
782 1666 901 1708 eligen-
938 1666 1032 1706 facta,
1056 1664 1144 1697 irrita
1165 1665 1205 1697 sit
1226 1668 1256 1696 et
1276 1664 1365 1695 nulla
1385 1668 1414 1696 et
1434 1673 1450 1695 a
1466 1661 1607 1705 capitulo
1621 1671 1684 1693 non

154 1717 248 1760 tium,
270 1717 363 1761 eligi;
386 1723 417 1751 et
435 1718 460 1751 si
476 1718 583 1762 aliqua
599 1729 636 1752 ex
656 1718 719 1752 illis
738 1719 901 1752 schedulis
939 1718 1127 1762 recipiatur,
1155 1717 1287 1757 electio,
1310 1727 1435 1749 necnon
1451 1716 1547 1748 talem
1558 1714 1683 1758 pracla-

154 1782 173 1804 a
191 1771 423 1805 scrutatoribus
434 1776 561 1815 reperta
580 1771 676 1804 suerit
694 1782 760 1804 non
778 1772 901 1805 habens
938 1777 1044 1805 turam
1070 1776 1258 1815 acceptans,
1286 1781 1319 1803 se
1342 1780 1407 1803 non
1434 1769 1603 1813 probatum
1625 1777 1685 1800 nec

154 1829 277 1869 septem
296 1824 427 1866 nqmina
445 1825 559 1858 relicta
583 1835 642 1869 pro
662 1824 897 1866 definitoribus,
938 1824 971 1857 in
991 1824 1148 1857 electione
1168 1834 1225 1856 sua
1245 1823 1341 1856 fuisse
1358 1822 1526 1866 probatam
1547 1821 1682 1853 formam

154 1883 186 1911 et
204 1887 270 1911 non
288 1878 408 1911 suerint
426 1878 460 1911 in
480 1889 517 1911 ea
542 1878 686 1921 quinque
714 1878 830 1921 signati
850 1879 899 1912 di-
938 1877 1104 1911 electionis
1119 1887 1217 1920 supra
1232 1876 1381 1909 traditam
1395 1875 1511 1914 sciens,
1526 1873 1596 1916 ipso
1613 1872 1682 1904 iure

154 1935 206 1965 cto
224 1930 315 1974 signo
336 1930 458 1972 crucis,
481 1931 633 1964 schedula
653 1931 708 1964 illa
727 1942 786 1974 pro
811 1932 900 1965 nulla
938 1935 1074 1974 utraque
1106 1941 1182 1963 voce
1221 1940 1280 1973 per
1317 1927 1509 1962 decennium
1541 1925 1684 1969 privatus

153 1984 326 2026 habeatur,
363 1989 394 2017 et
426 1989 461 2017 ut
487 1983 624 2017 invalida
651 1984 828 2025 reiiciatur,
857 1984 900 2017 ita
939 1988 1107 2017 censeatur
1121 2009 1128 2023 ,
1149 1993 1207 2015 sua
1226 1981 1382 2015 electione
1400 1978 1585 2013 huiusmodi
1606 1987 1681 2020 pro—

154 2036 250 2071 etiam
269 2037 356 2082 quod
375 2038 484 2071 nullus
507 2037 540 2070 in
564 2037 613 2070 sui
633 2038 772 2070 favorem
791 2043 899 2071 votum
938 2042 1047 2080 pterea
1066 2036 1155 2069 nulla
1175 2041 1206 2068 et
1225 2035 1363 2068 invalida
1382 2036 1577 2066 remanente.
1878 2067 1881 2069 Α

153 2090 231 2124 dare
250 2095 306 2124 aut
325 2101 358 2123 se
377 2089 483 2134 ipsum
503 2090 621 2133 eligere
643 2090 753 2134 possit.
982 2089 1062 2133 513.
1083 2089 1126 2122 Ex
1146 2088 1208 2121 illis
1228 2093 1335 2121 autem
1349 2085 1532 2130 approbatis
1547 2088 1579 2117 et
1589 2082 1680 2127 prius
1708 2126 1712 2130 .
1741 2094 1769 2130 ax
1797 2095 1877 2136 eisdem

197 2143 214 2187 ἓ
236 2143 268 2177 9.
294 2143 397 2187 thue
421 2143 594 2176 electiones
620 2143 785 2176 faciendae
804 2154 822 2176 a
842 2143 898 2177 de·
937 2142 1108 2187 publicatis
1127 2141 1312 2175 definitores
1327 2137 1576 2183 provinciarum,
1590 2146 1680 2180 prae·
1693 2125 1818 2178 ξ’,ἓῗῗζῖζζξζ
1835 2128 1878 2177 eii-⁸

26 2205 142 2228 ιιιιωιιῑιο-
154 2195 337 2238 finitoribus
361 2201 486 2229 mature
509 2201 540 2229 et
568 2196 768 2229 considerate
785 2202 816 2230 et
834 2207 899 2230 non
938 2196 1017 2228 latos
1037 2200 1068 2228 et
1085 2194 1265 2227 visitatores
1276 2192 1412 2225 maiores
1426 2201 1485 2235 per
1500 2188 1680 2228 schedulas,
1695 2191 1777 2214 ΨΜ·

27 2238 143 2295 ‘Jfflfffl‘ss'x'
155 2249 326 2283 casualiter
348 2249 437 2291 fiant,
464 2249 496 2282 in
516 2249 630 2292 primis
649 2250 803 2293 praedicti
823 2249 900 2283 defi·
938 2253 973 2282 ut
992 2248 1089 2280 moris
1109 2252 1167 2287 est,
1189 2247 1318 2289 eligere.

24 2298 72 2356 '⁸3¹¹'
93 2299 142 2327 ἸΨ
154 2302 276 2335 nitores
294 2312 398 2335 unum
424 2312 462 2335 ex
485 2302 562 2345 ipsis
587 2302 825 2346 praesidentem
846 2313 898 2336 ca·
981 2304 996 2344 3¹
1020 2301 1073 2333 lli.
1099 2299 1284 2333 Praesidens
1309 2307 1382 2330 vero
1402 2295 1568 2328 triennalis
1588 2306 1605 2327 a
1625 2295 1680 2328 de·
1695 2301 1877 2354 arzaiffijldnesrffi:

155 2354 261 2399 pituli,
274 2354 330 2398 qui
349 2359 457 2387 tamen
471 2365 537 2388 non
552 2355 591 2387 sit
603 2355 690 2387 illius
702 2354 896 2399 provinciae,
938 2353 1121 2387 finitoribus
1140 2352 1308 2394 utriusque
1328 2348 1522 2393 provinciae,
1545 2359 1601 2381 seu
1621 2348 1682 2381 sal·
1695 2364 1791 2391 dignus,

155 2407 189 2441 in
208 2419 271 2452 qua
289 2407 466 2451 capitulum
481 2413 558 2440 tunc
578 2408 769 2449 celebratur,
789 2409 900 2443 aetatis
939 2412 1002 2440 tem
1022 2417 1039 2439 a
1059 2406 1169 2439 decem
1187 2416 1224 2437 ex
1244 2403 1331 2447 ipsis,
1348 2412 1404 2446 per
1423 2401 1572 2444 suffragia
1593 2401 1679 2434 faba-

157 2465 188 2494 et
206 2460 368 2505 qualitatis
392 2460 424 2493 in
448 2460 650 2504 praesidente
674 2460 826 2493 triennali
845 2472 899 2494 su·
939 2470 1031 2499 rum,
1064 2458 1155 2500 eligi,
1178 2463 1208 2490 et
1241 2456 1349 2489 nullus
1378 2455 1538 2498 praelatus
1568 2454 1680 2487 eodem

157 2509 302 2553 pradicto
322 2508 505 2552 requisitae,
523 2508 654 2551 eligere,
677 2513 713 2541 ut
731 2509 756 2541 si
777 2509 900 2542 contin·
940 2514 1082 2551 tempore
1102 2512 1132 2538 et
1151 2515 1246 2545 anno,
1260 2510 1484 2547 praeterquam
1495 2503 1528 2535 in
1545 2503 1605 2535 isto
1616 2503 1682 2546 pri-

159 2562 212 2601 gat
237 2562 346 2601 postea
378 2557 470 2589 illum
505 2556 580 2599 eligi
606 2556 639 2589 in
663 2556 899 2600 praesidentem
939 2566 992 2590 mo
1011 2555 1164 2598 capitulo,
1188 2551 1359 2596 approbari
1380 2557 1410 2584 et
1429 2551 1514 2594 eligi.
1536 2552 1681 2594 Itemque

159 2605 368 2645 triennalem,
398 2606 487 2639 nulla
510 2604 543 2638 in
570 2604 727 2640 electione
751 2610 901 2640 occurrat
939 2604 1073 2649 praefati
1093 2601 1277 2636 definitores
1301 2600 1519 2634 omnimodam
1539 2599 1679 2632 auctori-

161 2653 223 2688 alia
240 2654 416 2699 inquisitio.
939 2657 1035 2687 tatem
1053 2652 1191 2685 habeant
1211 2660 1306 2692 super
1326 2654 1391 2683 tota
1421 2648 1678 2692 congregatione.
