2059 3228
33 255 59 276 n.
73 247 103 275 G.
119 245 185 273 ¹257oe

20 583 54 769 'jzfe'A-'v‘lu
37 555 44 565 -

0 2418 14 2429 ,ο
24 2423 33 2426 .,

0 2444 11 2454 ο

0 2457 14 2487 (⁸

0 2489 30 2511 δ’,

0 2525 7 2539 Ι

0 2546 3 2555 ι
29 2552 31 2554 .

3 2575 9 2582 .

813 241 988 267 annuamus
1007 241 1061 266 xm
1081 242 1128 266 rr.
1646 234 1681 267 at

197 297 422 341 eleemosynis,
452 296 572 330 eisdem
605 297 749 329 locorum
773 295 943 328 ordinariis

196 349 395 391 iniungimus
415 354 461 389 ut,
484 349 600 393 quibus
629 348 830 382 monasteriis
849 359 941 391 prae-

195 403 353 437 dictarum
383 403 585 442 monialium,
608 401 803 446 quotidianis
821 401 941 433 labori-

193 456 255 490 luts
278 456 483 499 computatis,
509 456 693 500 supradicta
712 454 758 487 vel
779 454 841 487 alia
860 465 939 497 qua-

193 509 271 543 libet
288 509 423 544 ratione,
439 510 478 541 de
492 509 662 542 suttieienti
683 507 891 540 subventione
912 514 938 539 et
959 537 962 552 Ι

191 562 419 596 sustentatione
446 563 606 605 provisum
627 571 694 594 esse
719 560 938 603 cognoverint,

192 615 318 648 easdem
351 625 520 648 conversas
549 614 609 647 sub
645 613 757 647 eadem
790 613 940 646 clausura

192 678 266 702 cum
286 668 358 700 aliis
377 667 571 701 monialibus
595 667 763 705 reducant,
793 677 897 709 neque
922 677 940 699 a

191 720 258 754 suis
271 721 474 754 monasteriis
489 719 626 764 amplius
637 719 723 752 exire
738 719 936 762 permittant.

189 773 364 808 Conversus
382 784 456 807 vero
477 783 540 806 non
561 773 719 816 professas
739 778 768 805 ct
792 771 937 816 profiteri

189 828 346 868 nolentes,
369 827 500 861 dimisso
519 826 648 866 habitu,
669 826 801 859 domum
827 825 937 858 remit·
957 858 959 868 ,

188 886 268 921 tant,
289 890 394 925 neque
414 880 490 912 alias
509 879 541 911 in
561 879 718 919 futurum,
737 878 799 911 nisi
814 879 937 922 profes·
958 869 959 875 ἵ

189 934 312 967 sionem
332 943 390 966 suo
407 937 552 977 tempore
565 932 749 972 emissuras,
767 938 862 976 atque
878 932 936 965 sub

189 992 345 1031 perpetua
363 986 514 1019 clausura
534 996 713 1025 mansuras,
733 984 765 1018 in
779 991 937 1018 monaste·
956 985 957 1023 ἶ

187 1039 242 1073 ria.
261 1038 446 1072 huiusmodi
476 1038 575 1082 recipi
604 1039 820 1082 permittatur.
847 1038 958 1077 Ουοε]1

182 1097 295 1126 autem
314 1092 398 1125 idem
415 1092 489 1125 Pius
507 1091 734 1134 praedecessor
751 1092 875 1132 statuit,
897 1092 936 1124 de
955 1099 957 1135 ᾗ

182 1150 294 1180 >cetero
308 1145 414 1178 nullas
430 1145 509 1178 alias
522 1155 689 1178 conversas
701 1145 860 1190 professas
884 1156 935 1178 re·
955 1138 956 1142 ¹

185 1198 248 1244 cipi
272 1199 422 1242 amplius,
443 1199 540 1232 etiam
559 1199 598 1232 dc
619 1209 776 1232 consensu
801 1209 935 1232 suorum

184 1251 405 1297 superiorum,
423 1261 528 1296 posse,
550 1251 592 1284 ita
607 1261 674 1284 esse
690 1251 934 1295 intelligendum

184 1305 400 1346 declaramus,
421 1310 548 1349 praeter
562 1305 632 1338 illas
651 1315 830 1344 conversas,
852 1315 934 1348 quae

184 1363 274 1392 extra
292 1358 522 1392 monasterium
541 1357 574 1391 in
597 1357 748 1391 domibus
772 1358 934 1400 contiguis
953 1376 956 1386 ·

984 300 1179 327 remaneant.
1208 295 1413 327 tim-tammus
1444 300 1607 338 praeterea
1635 296 1731 329 nulli>⁴

985 348 1191 382 monialibus,
1207 349 1300 380 etiam
1315 349 1490 389 'l'm-tiat'iis,
1508 350 1602 383 licere
1615 351 1731 383 haber·-

984 401 1113 437 ostium,
1142 412 1198 444 per
1217 403 1302 444 quod
1325 414 1359 434 ex
1388 404 1580 436 monasterio
1606 404 1728 437 introiri

985 454 1080 496 possit
1105 454 1244 497 ipsarum
1273 456 1462 488 monialium
1488 457 1656 490 ecclesiam
1677 469 1730 490 ex-

983 507 1133 539 terion-m
1154 507 1183 538 iu
1203 518 1299 550 quam
1316 511 1536 543 saecularibus
1553 511 1592 543 :td
1618 512 1730 544 missas

981 566 1012 592 et
1044 561 1149 592 divina
1186 561 1291 593 otlicia
1322 568 1429 604 patere
1459 566 1538 598 ¹<olet
1566 576 1726 605 accessus,

981 614 1034 647 scd
1062 614 1194 647 o'mnino
1221 626 1313 647 muro
1344 615 1574 649 obstrui-mlum
1591 644 1598 657 ,
1623 628 1729 660 neque

982 667 1091 700 itidem
1108 668 1203 701 licere
1219 669 1423 707 monialibus,
1442 671 1535 703 etiam
1551 672 1726 709 Tertiariis,

979 721 1086 763 egredi
1108 732 1125 753 a
1147 721 1242 754 ianua
1267 723 1465 761 monasterii,
1492 736 1573 767 quac
1599 732 1645 758 est
1671 737 1728 769 pro

979 774 1129 807 clausura
1150 774 1249 817 ipsius
1262 777 1460 815 monasterii,
1478 778 1571 810 etiam
1589 779 1624 811 :ul
1643 780 1729 811 clau—

979 827 1121 860 dendum
1147 827 1242 860 aliam
1268 829 1454 862 ulteriorem
1483 830 1632 869 ianuam,
1665 844 1727 875 qua

957 882 959 887 ‘
978 885 1087 924 patere
1108 881 1188 913 solet
1208 881 1313 914 aditus
1337 883 1556 915 saecularibus
1577 885 1728 917 venienti-

979 933 1038 965 bus
1058 933 1104 966 vel
1125 934 1164 966 ad
1189 940 1289 966 rotam
1312 936 1356 967 rel
1378 935 1417 968 ad
1446 942 1548 968 crates
1576 948 1631 969 scu
1659 939 1727 971 loca

977 986 1149 1030 colloquiis
1168 987 1343 1025 destinata,
1369 999 1451 1031 quae
1472 990 1565 1029 vulgo
1587 991 1726 1033 parlato-

978 1038 1024 1071 ria
1050 1046 1224 1080 vocantur,
1249 1041 1296 1073 vel
1326 1042 1365 1073 ad
1404 1043 1598 1085 pulsandum
1625 1043 1724 1086 ipsam

976 1093 1105 1125 ianuam
1126 1094 1307 1132 clausurae:
1322 1106 1404 1136 quae
1422 1096 1595 1136 lorafcum
1615 1097 1723 1129 saltem

977 1157 1034 1189 pro
1054 1147 1160 1180 causis
1186 1148 1359 1191 praedictis
1378 1155 1487 1192 patere
1514 1150 1635 1182 soleant
1656 1160 1724 1183 sae-

975 1200 1153 1240 cularibus,
1184 1206 1272 1233 extra
1299 1202 1482 1234 clausuram
1514 1202 1638 1235 censeri
1671 1203 1726 1236 de-

976 1253 1063 1293 bent,
1085 1254 1180 1286 etiam
1197 1264 1261 1296 quo
1281 1260 1426 1298 tempore
1445 1255 1552 1287 clausa
1577 1261 1661 1290 sunt.

1018 1307 1033 1349 g
1055 1306 1084 1338 7.
1117 1307 1252 1350 Insuper
1280 1318 1503 1350 quoscumque
1525 1308 1672 1341 dominos
1694 1317 1722 1343 et

975 1360 1176 1403 magistratus
1196 1361 1389 1404 temporales
1406 1361 1435 1393 in
1457 1361 1593 1394 Domino
1613 1363 1722 1395 horta-

1749 242 1795 268 Λη.
1815 241 1843 268 C.
1864 242 1928 268 ¹572

1763 1319 1843 1340 Domini
1864 1324 1919 1341 tem-

1738 1351 1820 1376 porales
1829 1353 1919 1375 taroant,

1738 1382 1757 1401 in
1791 1382 1919 1408 summissis*

183 1411 349 1456 degerent.
371 1411 654 1455 Eleemosynarum
666 1421 742 1444 vero
758 1411 935 1454 praedicta·
953 1408 954 1419 ¹
974 1423 1059 1452 mur,
1081 1423 1251 1446 monemus
1271 1419 1301 1446 et
1320 1414 1516 1457 requirimus
1532 1420 1576 1454 ut,
1593 1416 1631 1447 ad
1652 1426 1722 1447 om-
1738 1413 1858 1433 ⁰¹⁶³¹¹“¹¹¹¹²·

184 1475 258 1498 rum
278 1464 552 1498 contributionem
567 1469 599 1497 et
613 1464 863 1508 applicationem
878 1464 934 1497 ‹lu-
951 1464 954 1510 J
973 1477 1048 1499 nem
1072 1466 1216 1509 ipsorum
1243 1468 1481 1500 ordinariorum
1508 1474 1561 1501 aut
1587 1469 1723 1502 alicuius

185 1529 257 1552 rare
276 1523 309 1551 et
324 1518 430 1551 valere
440 1517 705 1558 decernimus‚ac
716 1528 792 1551 suos
801 1517 934 1551 effectus
951 1511 954 1566 l
974 1521 1119 1563 ipsorum
1139 1521 1326 1564 petitionem
1346 1521 1394 1554 vel
1414 1522 1593 1565 simplicem
1614 1523 1722 1566 requi-

180 1571 225 1605 ’ad
243 1571 376 1616 plenum
397 1570 504 1604 sortiri
524 1570 652 1611 debere,
665 1570 768 1603 donec
777 1581 933 1603 numerus
951 1567 953 1598 ἶ
973 1573 1141 1614 sitionem,
1166 1574 1230 1607 illis
1257 1574 1288 1607 in
1316 1575 1502 1618 praemissis
1530 1575 1720 1614 assistentes,

183 1623 373 1658 monialium
386 1650 394 1665 ,
432 1624 528 1657 etiam
553 1623 784 1656 Tertiariarum
824 1623 934 1656 huius-
952 1637 954 1677 ξ
973 1637 1103 1660 omnem
1124 1633 1346 1671 opportunum
1368 1629 1506 1661 savorem
1524 1634 1553 1661 et
1567 1628 1720 1661 auxilium

182 1677 272 1711 modi
291 1677 410 1722 (quem
430 1688 488 1722 per
513 1677 599 1720 ipsos
625 1676 773 1710 locorum
805 1677 934 1709 ordina·
952 1684 954 1690 ’
974 1686 1137 1723 praestent
1160 1686 1190 1713 et
1210 1681 1393 1714 exhibeant.

184 1731 261 1772 rios,
281 1731 377 1765 etiam
397 1731 429 1764 in
449 1730 653 1764 monasteriis
672 1729 711 1763 ab
727 1741 839 1763 eorum
856 1741 933 1762 cura
949 1718 954 1789 ἱ
1016 1732 1075 1776 ξὸ.
1088 1733 1167 1777 Ipsis
1184 1734 1325 1776 denique
1340 1733 1541 1774 patriarchis,
1558 1735 1719 1777 arehiepi-

183 1789 217 1818 οι
247 1784 405 1828 regimine
436 1783 745 1828 quomodocumque
765 1783 928 1827 exemptis,
951 1795 953 1812 t
973 1782 1091 1825 scopis,
1103 1782 1262 1825 episcopis
1273 1783 1538 1815 etaliislocorum
1551 1782 1721 1815 ordinariis

183 1847 260 1871 cum
282 1837 411 1871 inarum
432 1837 639 1881 superiorum
658 1836 851 1875 interventu,
874 1841 934 1868 sta-
952 1861 954 1881 ἰ
974 1829 1180 1874 praecipinius
1189 1831 1421 1864 ctmandamus
1436 1837 1469 1863 ut
1483 1831 1538 1863 lias
1550 1836 1721 1874 przesentes

181 1890 272 1924 bffiri
291 1897 323 1924 et
341 1890 497 1931 ordinari,
519 1901 626 1934 neque
643 1900 741 1934 supra
763 1889 855 1922 illum
871 1900 932 1921 nu,
974 1879 1720 1923 nostraslitteras(quarumtransumptis.etiam

183 1954 310 1978 merum
327 1945 405 1978 alias
425 1944 524 1988 recipi
547 1954 650 1987 posse,
670 1943 765 1976 etiam
790 1943 829 1975 de
854 1953 933 1975 con-

183 2007 279 2031 sensu
306 1998 512 2041 superiorum
540 2007 692 2036 suorum,
718 1996 868 2029 volumus
903 2001 930 2029 et

186 2050 401 2094 mandamus),
420 2051 463 2084 ita
487 2050 678 2083 imminutus
698 2049 807 2088 suerit,
833 2055 867 2081 ut
882 2060 933 2082 re-

186 2102 294 2146 liquae
311 2104 477 2144 moniales,
489 2110 519 2137 et
533 2103 722 2142 Tertiariae,
741 2113 778 2135 ex
793 2103 934 2146 propriis

187 2155 366 2189 redditibus
399 2156 670 2190 monasteriorum
708 2156 853 2199 ipsorum
885 2155 933 2188 vel

189 2209 351 2242 consuetis
360 2209 569 2254 eleemosynis
583 2220 616 2243 se
628 2209 796 2243 commode
812 2215 934 2242 susten-

975 1928 1154 1970 impressis,
1182 1939 1279 1961 manu
1305 1928 1443 1961 alicuius
1463 1929 1578 1961 notarii
1600 1929 1720 1971 publici

975 1976 1163 2020 subscriptis
1179 1982 1207 2009 ct
1229 1977 1334 2019 sigillo
1356 1988 1511 2020 personae
1527 1971 1722 2019 indignitate

974 2024 1187 2057 ecclesiastiea
1207 2026 1398 2065 constitutae
1427 2026 1556 2058 munitis
1577 2026 1721 2059 eamdem

976 2073 1095 2116 ubique
1115 2073 1210 2106 fidem
1226 2101 1233 2111 ,
1261 2074 1293 2106 in
1315 2074 1434 2106 iudicio
1454 2081 1481 2106 et
1508 2079 1611 2113 extra,
1635 2074 1724 2107 adhi-

976 2122 1042 2154 beri
1062 2121 1180 2155 debere
1199 2122 1359 2159 volumus,
1383 2132 1464 2164 quac
1486 2122 1564 2165 ipsis
1584 2123 1725 2166 origina-

976 2171 1058 2203 libus
1084 2171 1199 2203 litteris
1219 2171 1437 2208 adhiberetur,
1465 2171 1489 2202 si
1510 2170 1613 2203 sorcnt
1633 2172 1721 2204 cxlii-

975 2220 1058 2252 bitae
1075 2219 1123 2252 vel
1143 2220 1300 2261 ostensae)
1320 2219 1436 2260 singuli
1458 2219 1490 2251 in
1516 2230 1572 2252 sua
1597 2220 1721 2253 civitate

189 2265 257 2294 tare
275 2267 405 2304 queant:
427 2273 524 2306 super
547 2273 612 2306 quo
638 2263 826 2296 eorumdem
846 2262 933 2295 ordi-
974 2274 1003 2301 et
1022 2268 1161 2301 dioecesi
1183 2267 1394 2310 publicentac
1407 2267 1578 2310 publicari,
1594 2279 1721 2312 easque,

187 2314 358 2348 nan-iorum
375 2316 603 2349 conscientiam
623 2326 808 2356 oneramus,
830 2315 871 2348 ita
887 2322 934 2348 ta·
952 2304 955 2349 l

189 2377 264 2401 men
283 2373 319 2400 ut
332 2394 340 2408 ,
361 2368 590 2402 decedentibus
609 2369 743 2412 singulis
766 2380 803 2402 ex
832 2369 934 2402 tribus

189 2417 377 2450 earumdem
406 2418 597 2450 monialium
623 2419 788 2462 partibus,
822 2418 934 2451 tertiae

135 2472 138 2475 '
188 2477 319 2510 quoque
338 2467 523 2500 earumdem
542 2467 816 2510 eleemosynarum
836 2468 935 2510 partis

188 2516 385 2556 distributio,
405 2522 436 2549 et
455 2516 500 2549 sic
512 2516 698 2556 successive,
714 2516 747 2548 in
763 2521 864 2549 totum
881 2527 934 2549 ex-

188 2566 368 2609 tinguatur,
391 2571 485 2608 atque
506 2565 538 2597 in
557 2564 728 2608 pristinum
744 2570 859 2597 statum
875 2564 934 2597 sub

191 2614 308 2649 debitis
325 2620 380 2648 aut
399 2614 500 2648 solitis
519 2613 672 2647 oneribus
690 2618 891 2646 revertantur
905 2618 933 2646 et

975 2317 1060 2350 iuxta
1074 2326 1184 2349 earum
1199 2316 1428 2348 continentiam
1442 2321 1473 2348 et
1484 2323 1642 2355 tenorem,
1658 2328 1721 2349 una

953 2350 957 2380 Ι
975 2377 1049 2399 cum
1069 2365 1241 2409 praedictis
1260 2375 1297 2396 ac
1317 2364 1388 2396 aliis
1408 2364 1562 2407 praedicti
1584 2365 1629 2396 Pii
1649 2365 1672 2396 't'
1692 2371 1721 2398 et

974 2415 1110 2448 aliorum
1128 2414 1411 2458 praedecessorum
1432 2418 1617 2446 nostrorum
1636 2414 1720 2446 litte-

975 2465 1019 2497 ris
1041 2470 1071 2497 ct
1091 2462 1373 2497 constitutionibus
1387 2468 1418 2495 et
1433 2462 1639 2502 iussionibus,
1661 2473 1719 2504 pro

976 2514 1098 2556 integra
1117 2513 1284 2545 clausurae
1304 2510 1553 2551 instauratione,
1576 2511 1717 2543 custodia

975 2568 1003 2596 et
1034 2561 1184 2595 firmitate
1215 2559 1322 2595 editis,
1357 2559 1583 2592 inviolabiliter
1609 2559 1718 2591 obser-

975 2617 1047 2646 vent
1065 2616 1094 2644 et
1115 2609 1274 2644 observari
1296 2608 1423 2641 saciant.

1762 1742 1866 1763 Ordinarii
1887 1744 1919 1762 fa-

1735 1774 1790 1793 ciant
1815 1774 1917 1799 put-timui

1735 1806 1756 1824 et
1809 1805 1918 1824 observari

1736 1834 1789 1855 hanc
1813 1837 1918 1855 voi-sutu-

1736 1867 1823 1887 tionem.
