2059 3228
375 217 461 251 4072
972 225 1118 250 aversan
1137 225 1259 249 nonam

416 285 496 315 tuta,
519 277 691 321 privilegia
711 283 743 310 et.
763 277 895 319 gratias
915 277 954 310 ab
975 277 1095 310 eisdem
1116 277 1329 321 pontificibus
1348 287 1512 319 concessa,
1530 280 1730 322 amplissime
1747 279 1877 314 consu-1³

416 336 479 362 mat
503 330 677 373 Gregorius
697 330 775 369 xln,
806 330 974 363 declarans
993 341 1030 363 ea
1062 340 1126 363 non
1157 330 1189 362 in
1210 330 1351 363 savorem
1385 336 1513 364 tantum
1538 331 1683 366 eiusdem
1705 334 1871 367 societatis

417 383 659 422 coadiutorum‚
693 383 748 416 sed
777 389 805 416 et
840 382 986 416 omnium
1007 383 1077 427 qui,
1101 382 1236 416 biennio
1256 383 1462 426 probationis
1482 385 1604 427 elapso,
1627 384 1689 417 tria
1706 392 1791 427 vota,
1812 387 1871 420 etsi

415 436 581 479 simplicia
607 436 790 475 emiserint,
811 435 875 470 408
899 437 917 469 b
937 443 966 470 et
987 448 1065 481 sequ,
1087 436 1277 472 Institutum
1298 444 1327 471 et
1350 437 1604 471 constitutiones
1633 437 1697 470 iam
1723 448 1741 470 a
1759 439 1873 472 multis

419 489 584 521 Romanae
604 489 766 522 Ecclesiae
782 489 995 522 Pontificibus
1021 490 1204 533 approbata
1224 492 1322 524 tertio
1338 491 1576 523 confirmantur
1600 495 1632 523 et
1651 490 1870 532 declarantur,

418 540 484 573 458
506 552 527 573 α.
548 546 580 574 et
596 541 633 580 b;
656 542 771 574 novitii
796 541 930 575 biennio
952 542 1133 586 probentur
1157 549 1189 576 et
1210 544 1327 577 deinde
1346 544 1385 576 ad
1405 542 1633 576 substantialia
1652 547 1726 576 vota
1743 543 1871 587 simpli-

420 594 471 626 cia
495 594 724 635 admittantur,
746 595 840 633 ibid.;
862 600 976 639 postea
995 596 1043 628 vel
1061 596 1107 629 uti
1129 597 1292 630 scholares
1312 596 1361 630 vel
1380 596 1428 630 uti
1450 596 1657 629 coadiutores
1677 597 1873 640 temporales

420 647 614 687 habeantur,
636 647 701 681 459
725 659 757 687 a,
785 648 950 681 scholares
971 649 1068 682 tertio
1089 649 1295 693 probationis
1315 660 1400 682 anno
1421 648 1637 689 retineantur,
1659 648 1738 682 ibid.
1765 649 1794 687 b;
1814 648 1872 693 qui

419 700 537 733 deinde
555 701 595 733 ad
615 702 849 744 professionem
868 707 1010 745 quatuor
1030 708 1178 736 votorum
1191 703 1318 736 admitti
1340 703 1491 741 debeant,
1514 702 1611 741 1'bid.;
1634 701 1766 735 admissi
1786 703 1875 736 inca-

420 764 517 797 paces
537 761 613 787 sunt
633 755 872 788 haereditariae
892 755 1119 796 successionis,
1136 755 1201 790 460
1219 767 1259 793 ας
1280 761 1390 789 votum
1411 755 1616 789 obedientiae
1629 753 1735 799 Papae
1751 756 1874 800 specia-

415 807 492 839 liter
512 807 681 847 emittunt,
702 808 780 841 ibid.
798 820 805 844 2
827 808 957 852 aliaque
976 814 1050 841 rota
1069 807 1244 852 simplicia,
1277 808 1377 849 ibid.;
1409 808 1611 841 discedentes
1639 807 1708 841 sine
1738 809 1873 842 licentia

414 866 583 903 apostatae
604 867 790 902 censentur,
808 862 887 895 ibid.
911 862 948 902 b,
971 872 1085 895 omues
1097 868 1168 905 post
1191 862 1383 895 novitiatum
1405 861 1438 894 in
1455 860 1622 895 communi
1638 861 1870 903 vix·ant,ibid.;

417 919 645 957 paupertatem
672 920 811 954 servent,
834 915 910 947 licet
932 924 997 947 non
1022 914 1155 957 professi
1177 915 1358 948 dominium
1387 914 1549 947 bonorum
1573 914 1749 955 retineant,
1765 915 1869 955 ibid.;

415 966 484 999 veri
507 967 652 1010 religiosi
677 974 800 1001 suntet
826 967 956 1001 Ordinis
976 967 1157 1011 privilegiis
1181 969 1333 1010 gaudent,
1355 968 1414 1001 461
1435 962 1466 1001 α.
1489 966 1592 1001 Dubia
1606 967 1766 1011 quaedam
1782 967 1871 1004 circa

412 1020 669 1053 constitutiones
689 1021 894 1054 resolvuntur
911 1026 942 1054 et
963 1021 1149 1054 institutum
1164 1021 1481 1065 constitutionesque
1494 1021 1732 1065 approbantur,
1753 1021 1818 1055 46⁶2
1833 1022 1868 1061 b;

412 1072 476 1104 tria
507 1078 580 1106 vota
608 1074 774 1117 praedicta
798 1073 896 1107 etiam
925 1073 1110 1117 simplicia,
1142 1073 1369 1107 substantialia
1396 1080 1505 1107 tamen
1534 1084 1609 1107 vere
1643 1074 1868 1115 declarantur,

410 1124 477 1158 463
496 1136 529 1158 a:
565 1136 669 1169 eaque
694 1126 882 1159 emittentes
901 1126 1047 1168 religiosi
1068 1126 1128 1159 viri
1158 1125 1270 1159 haberi
1290 1126 1522 1167 decernuntur,
1548 1127 1627 1159 ibid.
1647 1137 1654 1166 ;
1683 1126 1870 1170 impugnari

415 1177 603 1212 institutum
632 1178 720 1211 nefas
736 1205 743 1218 ,
765 1178 866 1218 ibid.;
893 1179 1067 1212 dubiorum
1093 1170 1395 1222 *supervenientium
1419 1179 1453 1212 in
1479 1184 1648 1223 posterum
1680 1179 1870 1223 praeposito

411 1237 596 1264 reservatur
609 1231 798 1269 declaratio,
817 1231 884 1265 464
898 1242 935 1271 ας
957 1232 1069 1265 elerici
1089 1231 1187 1264 huius
1206 1232 1372 1265 societatis
1385 1232 1482 1265 etiam
1500 1232 1600 1266 saeris
1617 1232 1788 1266 ordinibus
1799 1243 1866 1266 non

414 1283 533 1316 initiati
550 1284 685 1317 verbum
699 1284 754 1316 Dei
769 1284 960 1328 praedicare
972 1292 1120 1328 possunt,
1135 1284 1217 1321 496:
1234 1285 1415 1329 presbyteri
1430 1285 1576 1328 regimen
1596 1286 1746 1319 obtinent
1766 1285 1868 1324 studii

411 1337 574 1379 generalis
586 1338 816 1370 nonnullarum
834 1337 1085 1370 Universitatum
1107 1344 1137 1371 et
1155 1338 1292 1381 collegia
1310 1348 1393 1371 nova
1409 1338 1471 1371 sibi
1496 1338 1627 1382 erigunt
1647 1339 1681 1372 in
1697 1339 1795 1374 variis
1811 1349 1868 1373 or-

410 1389 461 1423 bis
485 1391 646 1434 partibus,
684 1391 718 1424 V.
744 1391 921 1434 Brugense,
947 1390 1128 1425 Graecense
1145 1393 1177 1424 in
1206 1392 1347 1425 dioecesi
1379 1391 1633 1435 Salisburgensi‚
1659 1393 1755 1436 Ipris‚
1776 1393 1864 1426 Man-

411 1449 497 1483 tuae,
526 1443 690 1476 Montense
723 1443 963 1478 Cameracensis
995 1444 1167 1484 dioecesis,
1198 1445 1310 1478 Pontis
1329 1445 1502 1485 Monsonii,
1531 1445 1631 1489 Rigae
1656 1446 1690 1479 in
1715 1446 1865 1487 Polonia,

409 1495 723 1540 Mussipontanense,
741 1497 853 1530 Vilnae
875 1497 907 1530 in
922 1497 1069 1532 Polonia.

320 1547 462 1591 Spiritus
481 1549 544 1591 (S.)
563 1555 593 1582 et
619 1550 862 1583 Purificationis
882 1550 916 1583 B.
938 1550 1056 1584 Mariae
1076 1551 1262 1585 Elborensis
1277 1551 1451 1595 collegium
1468 1558 1499 1585 et
1519 1552 1678 1596 hospitale
1699 1563 1759 1596 pro
1780 1563 1879 1597 pau-¹

408 1601 542 1645 peribus
562 1601 766 1635 scholaribus
786 1602 825 1635 ab
845 1603 987 1637 Henrieo
1006 1614 1082 1646 rege
1102 1604 1320 1646 Portugalliae
1343 1604 1568 1645 instituuntur,
1590 1605 1654 1638 280
1677 1617 1696 1638 a
1723 1611 1754 1638 et
1771 1617 1836 1649 seq.
1859 1617 1869 1645 ·,

407 1664 521 1687 eorum
543 1655 669 1688 reditus
683 1655 856 1696 uniuntur,
877 1655 942 1690 282
953 1668 973 1689 α
984 1664 1015 1690 et
1033 1668 1095 1701 seq.
1111 1669 1118 1698 ·‚
1138 1658 1318 1701 presbyteri
1330 1657 1502 1691 Societatis
1514 1658 1584 1691 lesu
1601 1659 1788 1692 facultatem
1804 1659 1865 1692 ob-

408 1707 513 1740 tinent
533 1708 666 1750 regendi
687 1719 844 1752 personas
863 1715 894 1742 et
918 1709 1003 1743 bona
1023 1721 1097 1743 cum
1118 1710 1285 1750 oneribus,
1304 1714 1376 1750 eta,
1399 1709 1462 1744 ⁶283
1483 1722 1503 1744 a·
1520 1716 1551 1744 et
1568 1722 1632 1755 seq.

318 1758 433 1802 Spolia
454 1761 656 1803 regularium
680 1767 770 1794 extra
789 1762 929 1795 claustra
952 1762 1139 1805 vagantium
1160 1763 1200 1796 ad
1230 1763 1408 1796 Romanam
1438 1763 1604 1796 Cameram
1637 1764 1859 1807 Apostolicam
1879 1802 1881 1807 1

406 1818 554 1856 spectare
576 1813 663 1846 iuxta
683 1814 953 1848 constitutionem
968 1815 1059 1848 Pauli
1080 1816 1118 1849 III
1139 1816 1344 1859 aliorumque
1364 1816 1556 1859 pontificum
1573 1817 1716 1850 declarat
1735 1816 1860 1860 Grego-

408 1865 477 1899 rius
490 1866 569 1905 xm,
591 1865 654 1900 162
672 1866 690 1899 b
709 1873 741 1900 et
764 1878 827 1912 seq.

317 1918 507 1974 qtationum
528 1919 623 1952 Urbis
642 1920 845 1953 consuetudo
858 1920 1085 1964 antiquissima
1101 1927 1133 1955 et
1157 1922 1323 1955 observata
1342 1921 1541 1955 visitationis
1560 1922 1693 1955 devotae
1719 1922 1857 1966 antiqua

330 1976 333 1977 ’
426 1982 498 2004 rum
523 1971 731 2005 basilicarum
751 1978 782 2006 et
802 1973 1026 2013 ecclesiarum,
1052 1974 1116 2007 663
1134 1986 1154 2007 ιι
1174 1980 1205 2007 et
1224 1975 1253 2007 b.

318 2024 588 2058 Subcollectores
614 2031 646 2058 et
675 2026 889 2059 commissarii
910 2026 1016 2060 nuntii
1035 2028 1205 2070 apostolici
1229 2033 1355 2060 tantum
1374 2028 1407 2060 in
1427 2037 1529 2070 regno
1555 2027 1771 2071 Neapolitano
1787 2027 1869 2061 sub-

416 2077 523 2111 iacent
552 2077 773 2111 jurisdictioni
801 2079 834 2112 in
862 2079 966 2112 causis
997 2080 1222 2113 criminalibus
1242 2087 1355 2113 contra
1385 2091 1440 2113 eos
1463 2079 1714 2124 promovendis,
1747 2079 1812 2114 106
1830 2091 1866 2120 a;

414 2130 507 2164 irrita
537 2141 762 2176 quaecumque
789 2132 852 2165 alia
884 2132 1005 2166 iudicia
1025 2133 1232 2167 declarantur
1255 2144 1328 2166 cum
1350 2134 1502 2167 facultate
1518 2133 1625 2166 nuntii
1645 2133 1679 2166 in
1699 2139 1869 2167 contrave-

416 2184 556 2224 nientes,
573 2185 652 2218 ibid.

316 2235 569 2280 Suppellectilia
587 2248 678 2270 sacra
697 2238 782 2282 apud
805 2239 966 2282 praelatos
991 2239 1160 2272 defunctos
1181 2239 1370 2282 reperihilia
1389 2239 1422 2273 in
1449 2239 1626 2283 Hispaniis,
1652 2238 1865 2272 ecelesiarum

406 2289 574 2332 capitulis,
598 2290 734 2333 propria
752 2290 946 2324 auctoritate
963 2291 1154 2335 assignanda
1167 2292 1347 2325 indulserat
1362 2292 1437 2325 Pius
1448 2291 1484 2332 V,
1497 2291 1562 2325 854
1576 2302 1608 2331 a,
1626 2291 1770 2335 capitula
1785 2301 1862 2324 vero

407 2341 485 2375 alias
506 2343 603 2376 etiam
634 2354 683 2377 res
703 2354 777 2377 cum
797 2350 995 2389 usurparent
1015 2345 1054 2378 ad
1073 2344 1240 2378 Cameram
1260 2345 1478 2389 Apostolicam
1499 2345 1714 2389 pertinentes,
1734 2344 1863 2378 ratione

408 2395 519 2437 spolii,
541 2396 653 2429 statuit
674 2396 819 2430 Pontifex
843 2397 951 2431 Sixtus
974 2398 997 2429 V
1027 2408 1085 2441 per
1105 2398 1310 2431 collectorem
1327 2397 1506 2442 spoliorum
1533 2409 1602 2431 esse
1627 2397 1859 2431 declarandum

408 2457 492 2488 qnae
513 2448 621 2481 divino
653 2449 755 2482 cultui
787 2450 993 2493 applicanda,
1024 2450 1104 2484 ibid.
1133 2451 1167 2493 b,
1200 2457 1328 2494 tempus
1357 2450 1538 2484 solutiones
1558 2450 1696 2484 taciendi
1717 2449 1867 2493 assigna-

416 2505 480 2539 tur,
504 2500 581 2532 ibid.
