2059 3228
116 244 168 275 An.
186 247 215 276 C.
232 248 298 277 1586

137 1749 174 1771 Hic
190 1748 286 1770 Pontifex

105 1780 285 1802 Pnconsntuno-

103 1817 150 1833 nem
167 1813 286 1833 moderatur

104 1846 125 1864 et
140 1844 226 1864 innovat
245 1849 285 1870 quo

103 1876 129 1896 ad
149 1874 226 1896 fratres
247 1874 287 1895 lta-

103 1906 145 1927 liae
167 1907 224 1927 cirea
243 1907 287 1928 ele-

103 1938 195 1959 ctionem
218 1939 288 1959 visita-

103 1970 154 1990 toris
170 1970 286 1995 generatis.

356 238 420 271 684

909 243 1086 268 BULLARIUM
1109 241 1261 266 ROMANUM

311 299 350 333 de
370 296 573 332 Observantia
594 296 624 329 in
647 296 713 329 suis
732 295 869 340 quisque
885 295 1057 340 provinciis
1099 295 1136 327 de
1158 293 1250 327 nobis
1269 292 1440 326 attributae
1451 293 1616 337 potestatis
1625 290 1839 337 plenitudine,

310 353 441 395 plenum
462 351 511 383 ius
538 350 737 391 liberamque
767 349 1002 389 auctoritatem,
1024 348 1057 381 in

310 403 504 448 spiritualib.
531 407 561 435 et
581 402 765 445 temporat,
784 402 1055 436 iurisdictionem-

309 467 371 500 que
387 456 608 489 omnimodam
619 455 763 496 haberet,
774 455 886 489 domos
898 466 1008 489 omnes
1020 467 1055 489 ac

309 508 501 542 monasteria
522 513 553 542 et
578 509 650 541 loca
679 519 904 553 quaecumque
929 521 1054 543 necnon

307 573 462 606 personas
486 561 657 605 utriusque
683 572 787 602 sexus,
806 567 871 595 tam
897 563 929 596 in
951 564 1055 606 capite

307 626 403 659 quam
422 615 454 647 in
470 614 636 655 membris,
651 614 796 647 visitandi
813 620 844 648 et
859 616 1051 659 corrigendi,

307 675 455 711 vagantes
484 673 515 701 et
534 678 757 712 quoscumque
777 669 855 702 alios
882 669 1051 713 puniendi,

307 721 506 762 carcerandi,
535 722 692 762 mutandi,
723 723 945 763 transferendi,
966 723 1052 756 ordi-

306 774 413 815 nibus,
427 774 540 809 ossiciis
557 780 588 808 et
603 775 935 809 administrationibus
956 777 1052 820 depo-

305 828 415 869 nendi,
430 828 742 870 excommunicandi,
760 830 988 873 suspendendi,
1006 830 1052 862 in-

306 881 496 923 terdicendi,
510 882 712 924 restituendi,
735 893 771 916 ac
792 883 887 916 etiam
908 884 1051 927 superii>

305 940 336 969 et
355 935 470 969 ceteris
490 935 640 969 omnibus
660 935 812 970 Ordinem
834 936 939 981 ipsum
953 938 1051 971 illius-

304 999 368 1033 que
393 989 505 1022 domos
530 994 560 1022 et
583 1000 736 1033 personas
765 991 934 1035 utriusque
959 1003 1051 1025 sexus

304 1043 547 1085 quomodolibet
564 1044 846 1084 concernentibus,
873 1055 983 1078 eorum
1002 1051 1049 1078 ta-

304 1105 377 1128 men
388 1096 528 1139 Regulae
548 1102 579 1130 et
598 1097 696 1130 sacris
717 1097 895 1130 canonibus
915 1103 946 1131 et
964 1098 1048 1131 litle-

303 1148 348 1181 ris
366 1154 443 1182 tunc
463 1149 602 1193 desuper
622 1150 774 1183 confectis
790 1161 854 1184 non
866 1151 1047 1192 contrariis,

302 1203 485 1244 statuendi,
508 1203 674 1245 mutandi,
701 1204 873 1237 innovandi
914 1209 944 1238 et
976 1216 1048 1238 exe-

302 1255 433 1298 quendi,
455 1257 730 1299 quemadmodum
759 1257 821 1291 illis
841 1263 909 1291 erat
934 1258 965 1290 in
991 1270 1048 1292 suo

302 1309 434 1352 proprio
450 1309 567 1343 Ordine
583 1310 784 1351 attributum,
806 1322 843 1344 ac
863 1311 925 1344 alia
941 1313 1047 1345 statuit
1066 1302 1068 1317 ¹

302 1367 333 1395 et
345 1362 514 1402 ordinavit,
526 1368 622 1407 prout
633 1363 665 1396 in
683 1364 782 1407 ipsius
793 1364 1047 1408 praedecessoris

300 1415 427 1457 litteris,
457 1416 516 1449 sub
543 1416 616 1450 data
644 1417 795 1450 videlicet
813 1417 926 1461 quinto
947 1429 1047 1452 nonas

300 1468 383 1510 iulii,
410 1469 616 1513 pontificatus
642 1471 691 1503 sui
718 1481 802 1503 anno
824 1471 929 1512 tertio,
952 1472 1045 1505 desu-

299 1533 358 1566 per
370 1523 537 1564 confectis,
559 1534 695 1567 quarum
709 1529 853 1558 tenorem
874 1525 1045 1568 praesenti-

298 1575 358 1609 bus
377 1576 490 1610 haberi
509 1577 727 1621 volumuspro
740 1588 899 1622 expresso,
918 1579 1044 1623 plenius

300 1629 495 1663 continetur.

343 1684 358 1726 ἓ
382 1682 414 1716 3.
440 1683 503 1717 Nos
522 1683 642 1727 itaque,
664 1684 782 1728 quibus
792 1695 896 1728 nuper
907 1685 1043 1719 innotuit

299 1737 385 1781 quod
402 1737 516 1771 fratres
536 1738 631 1771 Tertii
647 1737 773 1771 Ordinis
789 1739 973 1773 huiusmodi
986 1741 1044 1773 sub

300 1790 484 1824 obedientia
503 1791 646 1834 magistri
681 1792 839 1835 generalis
863 1799 893 1827 et
914 1794 1043 1838 provin-

300 1844 431 1878 cialium
456 1845 591 1878 fratrum
621 1845 659 1879 de
689 1846 892 1880 Observantia
919 1848 1044 1892 praedi-

300 1903 425 1931 ctorum
450 1903 628 1939 manentes,
657 1899 737 1932 nihil
757 1901 789 1932 in
808 1900 899 1933 vinea
919 1902 1042 1934 Domini

300 1952 529 1995 profecerunt,
557 1951 656 1984 immo
675 1952 704 1985 in
726 1954 838 1986 eodem
860 1955 965 1987 Tertio
986 1955 1042 1988 Or-

301 2004 375 2037 dine
402 2005 481 2037 varii
502 2005 620 2038 abusus
638 2011 702 2039 tam
724 2007 808 2039 circa
826 2007 965 2051 Regulae
986 2009 1042 2041 ob-

300 2058 524 2097 servationem,
544 2069 639 2101 quam
668 2059 763 2092 etiam
789 2061 924 2093 fratrum
942 2061 1042 2095 dictae

299 2110 428 2154 Regula}
448 2117 722 2154 transgressorum
743 2118 773 2145 et
792 2113 869 2146 alias
880 2114 1042 2157 deliquen-

299 2164 379 2197 tium
408 2165 648 2208 castigationem
670 2165 887 2209 i1·repserunt;
907 2179 943 2201 ac
965 2180 1042 2201 con-

299 2217 477 2251 siderantes
497 2218 582 2262 quod
603 2219 628 2252 si
649 2219 763 2252 fratres
792 2220 851 2263 ipsi
872 2221 967 2254 Tertii
988 2222 1042 2255 Or-

299 2271 381 2305 dinis
402 2283 514 2306 corum
534 2272 728 2306 visitatorem
748 2275 931 2317 generalem
957 2275 1040 2309 iuxta

299 2335 356 2357 sua
376 2325 535 2367 regularia
556 2326 718 2368 instituta,
740 2332 838 2370 prout
867 2333 939 2361 ante
959 2329 1041 2362 litte-

300 2388 350 2410 ras
367 2378 440 2410 ‹licti
467 2379 722 2422 praedecessoris
741 2380 911 2422 faciebant,
925 2382 1041 2425 eligere

301 2432 447 2468 possent,
479 2432 508 2460 et
537 2427 580 2460 sic
610 2428 711 2461 electo
740 2433 905 2472 tamquam
929 2441 1039 2464 eorum

299 2475 458 2517 superiori
484 2476 663 2517 obedirent,
697 2478 880 2521 praemissis
910 2485 941 2512 et
973 2480 1042 2513 aliis

300 2522 401 2561 malis,
423 2534 504 2565 quae
525 2536 696 2559 occurrere
710 2533 849 2570 possent,
864 2528 1040 2571 plurimum

300 2572 481 2603 cinis-ultum
502 2573 593 2606 soret.
616 2574 788 2619 Propterea
808 2588 845 2610 cx
856 2577 904 2610 his
922 2583 953 2611 et
971 2578 1042 2611 aliis

1098 347 1184 391 ipsos
1203 347 1316 380 fratres
1339 345 1437 379 Tertii
1454 345 1593 386 Ordinis,
1614 347 1765 380 adversus
1791 346 1842 379 lit-

1096 406 1180 434 teras
1195 399 1271 433 dicti
1280 399 1535 443 praedecessoris
1548 399 1624 442 (illis
1645 400 1750 443 quoad
1762 410 1839 444 pro-

1097 454 1224 487 tectoris
1240 453 1483 497 deputationem
1507 452 1541 485 in
1556 462 1615 486 suo
1634 453 1750 487 robore
1768 463 1843 498 per-

1096 506 1326 550 manentibus),
1336 506 1368 539 in
1388 506 1560 550 pristinum
1573 511 1604 538 et
1615 516 1701 547 eum,
1716 506 1749 539 in
1761 517 1837 550 quo,

1095 565 1267 604 antequam
1277 559 1496 603 ipsaelitterae
1509 565 1722 599 emanassent,
1735 564 1837 601 erant,

1095 619 1211 647 statum
1229 613 1434 647 restituentes
1446 618 1476 647 et
1485 613 1629 657 plenarie
1642 613 1825 656 reintegrari

1094 673 1151 708 tes,
1179 668 1299 701 eisdem
1324 667 1479 700 fratribus
1506 666 1603 700 Tertii
1632 665 1758 700 Ordinis
1781 676 1840 710 per

1093 721 1273 755 universam
1293 721 1415 755 Italiam
1430 721 1650 762 existentibus,
1664 720 1750 764 quod
1765 730 1839 764 per-

1092 775 1197 818 petuis
1221 775 1337 808 suturis
1356 775 1556 819 temporibus
1571 774 1657 808 iuxta
1668 783 1840 807 eorumre-

1091 829 1215 872 gul-aria
1234 829 1390 869 instituta,
1409 827 1696 871 singulotriennio‚
1712 827 1838 872 capitu-

1091 882 1157 914 lum
1187 883 1336 925 generale
1356 882 1432 915 dicti
1453 882 1549 915 Tertii
1573 881 1699 915 Ordinis
1719 890 1838 915 convo-

1091 946 1164 969 care
1193 941 1223 968 et.
1252 936 1428 976 celebrare,
1459 946 1496 968 ac
1522 935 1554 968 in
1583 945 1621 969 eo
1640 935 1836 968 visitatorem

1089 990 1272 1032 generalem
1293 995 1323 1022 et
1342 989 1422 1022 alios
1446 989 1609 1022 ministros
1628 993 1659 1022 et
1685 988 1837 1022 officiales

1088 1045 1170 1087 (non
1204 1049 1311 1077 tamen
1345 1043 1601 1076 commissarium
1621 1042 1832 1086 generalem),

1089 1097 1208 1130 eisdem
1233 1097 1329 1130 modo
1348 1103 1378 1130 et
1398 1098 1500 1129 forma
1519 1097 1637 1140 quibus
1661 1101 1833 1140 antequam

1089 1150 1213 1183 litterae
1238 1151 1423 1194 praedictae
1452 1155 1666 1191 emanassent,
1701 1159 1834 1183 consue-

1087 1209 1209 1243 verant,
1241 1203 1358 1247 eligere
1371 1215 1379 1245 3
1401 1203 1615 1246 eumdemque
1637 1203 1832 1236 visitatorem

1087 1258 1281 1301 generalem,
1310 1263 1441 1301 peracto
1470 1257 1610 1290 triennio
1630 1256 1831 1298 huiusmodi,

1087 1311 1119 1344 in
1139 1311 1201 1344 alio
1223 1311 1364 1355 capitulo
1384 1310 1526 1354 generali
1546 1315 1657 1354 postea
1686 1310 1832 1344 faciendo

1087 1366 1280 1398 confirmare
1311 1365 1411 1398 libere
1440 1370 1471 1398 ct
1489 1364 1576 1398 licite
1599 1365 1735 1405 valeant,
1757 1375 1831 1409 per-

1086 1425 1196 1463 petuo,
1218 1418 1393 1463 apostolica
1410 1419 1611 1460 auctoritate,
1625 1418 1831 1452 concedimus

1086 1477 1117 1506 et
1136 1473 1354 1515 indulgemus.

1979 98 1990 122 -2

1855 242 1908 273 An.
1925 242 1954 274 c.
1963 232 2014 277 ise

1129 1527 1144 1570 ἓ,
1168 1526 1200 1559 4.
1227 1527 1441 1560 Decernentes
1469 1526 1664 1560 visitatorem
1694 1526 1740 1560 sic
1764 1526 1850 1560 ele-‘

1085 1585 1172 1613 ctum
1191 1580 1411 1614 omnimodam
1431 1585 1632 1625 potestatem,
1654 1580 1828 1614 auctorita-

1083 1638 1160 1675 tem,
1183 1634 1436 1668 iurisdictionem
1463 1640 1493 1668 et
1517 1634 1775 1678 superioritatem
1796 1634 1828 1666 in

1084 1697 1196 1720 omnes
1215 1692 1246 1721 et
1265 1687 1408 1731 singulos
1429 1687 1505 1720 dicti
1525 1687 1621 1720 Tertii
1635 1687 1829 1720 Ordinisfra-

1084 1748 1148 1776 tres
1169 1747 1199 1775 et
1215 1742 1379 1775 ministros
1397 1747 1427 1775 et
1446 1741 1599 1774 officiales
1622 1752 1681 1784 per
1701 1740 1827 1774 univer-

1084 1807 1150 1830 sam
1169 1795 1291 1830 Italiam
1312 1795 1324 1818 1
1348 1795 1568 1836 consistentes,
1583 1805 1762 1838 eorumque
1773 1794 1827 1828 do-

1083 1860 1152 1883 mos
1171 1855 1202 1883 et
1220 1850 1290 1883 loca
1310 1860 1346 1882 ac
1358 1860 1409 1882 res
1423 1849 1685 1889 etbonahabere,
1701 1859 1826 1882 necnon

1082 1903 1194 1936 fratres
1215 1908 1246 1936 et.
1265 1902 1429 1936 ministros
1449 1913 1485 1935 ac
1503 1902 1654 1935 officiales
1665 1900 1827 1936 TertiiOr-

1083 1957 1166 1990 dinis
1198 1956 1383 1989 huiusmodi
1409 1956 1437 1989 ei
1470 1955 1515 1989 sic
1542 1956 1645 1989 electo
1665 1961 1824 1998 tamquam

1082 2021 1156 2044 vero
1187 2009 1344 2055 superiori
1376 2020 1498 2043 morem
1532 2019 1663 2052 gerere,
1693 2008 1826 2052 eiusque

1083 2064 1239 2097 mandatis
1268 2064 1449 2097 salubribus
1480 2062 1566 2096 omni
1585 2067 1730 2106 tempore
1749 2062 1826 2096 obe-

1082 2118 1151 2151 dire
1172 2117 1290 2158 teneri;
1317 2117 1467 2161 ipsosque
1487 2127 1545 2161 per
1568 2115 1751 2149 ministrum
1771 2126 1824 2159 ge-

1082 2172 1223 2204 neralem
1251 2182 1288 2204 ac
1315 2170 1393 2203 alios
1412 2171 1524 2203 fratres
1544 2169 1582 2202 de
1606 2169 1823 2211 Observantia,

1081 2235 1145 2268 qno
1176 2224 1280 2257 minus
1309 2224 1348 2257 ad
1381 2223 1570 2257 electionem
1607 2223 1822 2266 praedictam,

1082 2283 1176 2320 prout
1204 2284 1277 2311 ante
1297 2277 1396 2311 dictas
1415 2277 1537 2310 litteras
1556 2276 1726 2318 faciebant,
1747 2287 1823 2320 pro-

1082 2328 1195 2360 cedere
1213 2328 1347 2367 valeant,
1369 2337 1573 2370 nequaquam
1594 2326 1741 2370 impediri
1769 2333 1824 2359 aut

1082 2376 1243 2409 molestari
1274 2387 1377 2419 posse.
1409 2376 1446 2408 Et
1465 2375 1507 2408 ita
1526 2386 1584 2419 per
1603 2386 1822 2418 quoscumque

1082 2426 1224 2467 iudices,
1253 2425 1434 2459 ordinarios
1453 2430 1485 2458 et
1512 2426 1686 2468 delegatos,
1713 2426 1822 2469 quavis

1080 2475 1271 2508 auctoritate
1300 2475 1478 2517 fungentes,
1501 2474 1625 2507 sublata
1653 2474 1698 2507 eis
1722 2480 1752 2507 et
1770 2484 1822 2507 eo-

1082 2535 1153 2557 rum
1178 2523 1310 2557 cuilibet
1328 2523 1437 2567 quavis
1456 2523 1722 2557 aliteriudicandi
1734 2523 1822 2557 etin-

1121 2591 1126 2597 “
1146 2590 1220 2618 Haec
1234 2589 1387 2618 moderatio
1402 2594 1445 2618 est
1463 2590 1580 2619 fortasse
1600 2594 1715 2618 extensa
1738 2589 1820 2618 etiam

299 2619 402 2652 causis
448 2621 591 2655 animum
637 2629 782 2657 nostrum
815 2626 1039 2667 moventibUS,
1081 2634 1115 2662 ad
1130 2634 1302 2670 provinciam
1317 2634 1471 2663 Dalmatiae
1491 2638 1517 2663 et
1532 2634 1799 2670 Iustinopolitanam.
