2059 3228
37 1225 172 1250 Bauli-tem-

35 1266 39 1272 ·
59 1258 173 1280 ordinatio-

50 1291 86 1317 ᾑιο
96 1289 172 1310 alubi-i

42 1325 54 1341 ι
70 1325 107 1341 mo
121 1325 174 1341 eon-

42 1350 62 1372 Μ
73 1353 96 1372 et
103 1351 175 1372 immn-

68 1381 148 1408 fflbuiu

61 207 97 242 ’0,
108 204 177 239 '1575

800 207 975 233 GnEGonttts
999 207 1052 230 Xttl
1079 207 1124 230 PP-

191 271 263 296 nem
283 262 414 307 propria
433 262 624 297 auctoritate
644 261 744 296 libore
754 261 936 305 appretien-

189 315 266 350 dere
291 321 321 349 et
340 316 435 349 ctiam
462 322 618 360 perpetuo
638 315 788 355 retinere,
809 324 936 347 curam-

189 379 252 414 que
271 368 451 402 animarum
473 369 575 403 eidem
593 369 746 403 ecclesiae
762 368 936 401 imminen-

188 427 252 456 tem
271 432 330 466 per
348 422 467 466 seipsos
490 423 693 467 presbyteros
708 433 763 455 seu
777 431 878 454 unum
890 419 937 453 vel

188 475 297 520 plures
313 486 351 509 ex
371 476 427 517 eis,
441 476 504 510 sive
525 487 583 520 per
602 476 699 509 alium
711 476 758 509 vel
770 475 848 509 alios
864 484 938 518 pre-

188 528 344 573 sbyteros,
358 529 437 578 8ἰίΙίς
457 535 564 563 tamen
584 530 674 574 prius
689 541 707 563 a
727 529 845 562 dilecto
870 526 937 560 filio

188 587 298 616 nostro
318 587 348 615 et
374 583 509 616 Romani
529 583 694 616 Pontificis
712 592 770 626 pro
791 587 938 625 tempore

188 634 351 669 existentis
370 636 402 669 in
430 636 515 670 dicta
534 636 618 669 Urbe
646 641 677 669 et
701 635 769 668 eius
793 634 938 667 districtu

188 688 307 723 vicario
327 688 360 723 in
384 689 606 733 spiritualibus
621 688 764 732 generali
784 698 839 721 seu
857 687 938 720 Sede

188 742 329 786 praefata
348 742 545 787 approbatis,
558 753 708 776 exercere
723 742 771 775 vel
782 740 935 781 exerceri,

187 795 357 840 eidemque
368 796 522 829 ecclesiae
534 795 566 828 in
582 796 696 829 divinis
709 794 867 828 deservire
882 804 938 827 seu

188 847 341 882 deserviri
368 849 484 889 facere,
504 848 655 892 illiusque
680 848 814 888 fructus,
834 846 940 880 reddi-

188 906 239 936 tus
248 907 279 936 et
289 908 474 946 proventus,
488 903 570 943 iura,
586 902 794 936 obventiones
810 907 839 934 ct
854 911 939 934 erno-

188 955 332 990 lumenta
350 967 576 1000 quaecumque
597 956 765 1000 percipere
782 982 790 996 ,
813 954 939 997 exigere

185 1008 216 1042 'et
234 1009 349 1049 levare,
362 1020 399 1043 ac
419 1009 451 1042 in
471 1020 545 1042 suos
569 1014 600 1043 et
620 1008 882 1052 congregationis
902 1018 939 1040 ac

184 1062 340 1097 ecclesiae
363 1064 581 1108 praefatarum
607 1073 704 1096 usum
721 1068 751 1096 et
766 1062 938 1095 utilitatem

185 1122 384 1150 convertere.

229 1170 244 1214 5
264 1169 294 1203 4.
321 1170 450 1203 Necnon
462 1170 566 1204 eidem
580 1169 823 1213 congregationi
835 1169 939 1201 illius-

184 1234 246 1267 que
269 1224 388 1257 rectori
407 1235 445 1257 ac
465 1224 659 1268 presbyteris
679 1229 710 1257 et
730 1224 856 1258 clericis
876 1233 939 1267 pro

185 1283 330 1322 tempore
349 1277 573 1318 existentibus,
587 1283 634 1319 ut,
648 1288 708 1322 pro
725 1277 845 1311 salubri
856 1282 939 1310 statu

189 1335 220 1364 et
244 1330 423 1364 directione
447 1331 602 1364 ecelesiae
627 1336 658 1363 et
682 1330 939 1374 congregationis

185 1383 372 1417 huiusmodi
397 1384 550 1426 illiusque
579 1394 805 1427 personarum,
839 1396 939 1429 quae-

186 1447 326 1481 cumque
348 1442 467 1470 statuta
486 1443 517 1470 et
528 1437 748 1471 ordinationes
761 1437 939 1471 rationabi-

186 1490 241 1531 tia,
267 1491 401 1524 honesta
420 1502 457 1524 ac
477 1491 574 1524 sacris
598 1492 777 1525 canonibus
802 1497 832 1525 et
864 1503 940 1526 con-

189 1543 262 1577 cilio
281 1543 470 1577 Tridentino
490 1554 555 1577 non
588 1545 750 1578 contraria
779 1545 886 1586 edere,
909 1551 940 1579 et

190 1596 273 1631 edita
287 1597 476 1639 reformare,
495 1597 634 1631 limitare
655 1604 685 1632 et
697 1605 821 1632 mutare
833 1600 939 1633 acalia

189 1650 228 1684 de
247 1661 328 1684 novo
349 1652 500 1693 condere,
523 1657 620 1696 prout
639 1657 669 1685 et
688 1653 814 1696 quoties
833 1652 878 1686 eis
890 1665 938 1687 se-

190 1703 331 1737 cundum
361 1715 470 1738 rerum
497 1710 528 1738 et
557 1711 741 1750 temporum
770 1706 939 1749 qualitates

189 1756 350 1790 videbitur
377 1757 537 1802 expedire,
561 1769 644 1802 quae
670 1758 801 1802 quidem
822 1765 939 1793 statuta

191 1814 222 1843 et
231 1810 460 1851 ordinationes,
470 1817 641 1856 postquam
655 1812 938 1855 edita,reformata‚

189 1861 325 1897 limitata
352 1869 383 1897 et
419 1870 541 1898 mutata
564 1875 601 1898 ao
635 1865 675 1898 de
703 1876 783 1899 novo
813 1867 939 1900 condita

189 1916 319 1959 fuerint,
350 1929 369 1951 a
392 1917 472 1952 Sede
500 1919 643 1962 praefata
676 1919 865 1963 approbari,
910 1927 940 1955 et

189 1980 248 2014 per
265 1970 444 2015 singulares
462 1983 616 2016 personas
635 1972 673 2006 de
693 1973 816 2016 gremio
836 1974 939 2008 dictae

191 2024 447 2068 congregauonis
461 2025 630 2059 existentes
651 2026 877 2061 inviolabiliter
885 2028 940 2062 ob-

191 2077 309 2111 servari
328 2078 476 2120 debeant,
503 2079 604 2113 libere
621 2085 652 2113 et
670 2079 756 2113 licite
772 2081 895 2124 possint
910 2087 940 2115 et

191 2131 326 2174 valeant,
359 2133 549 2167 auctoritate
575 2134 749 2178 apostolica
773 2141 804 2168 et
829 2140 939 2169 tenore

191 2185 340 2228 praefatis
363 2185 580 2230 indulgemus,
611 2187 812 2231 liberamque
845 2188 939 2222 desu-

191 2247 250 2281 per
267 2237 451 2272 facultatem
473 2240 681 2273 concedimus
701 2247 731 2274 et
751 2241 936 2284 elargimur.

234 2290 251 2334 §
275 2291 307 2325 5.
333 2291 546 2326 Decernentes
565 2299 750 2337 praesentes
770 2294 939 2328 litterasde

172 2344 410 2389 -subreptionis
433 2345 481 2379 vel
501 2347 699 2390 obreptionis
718 2353 772 2380 aut
787 2347 940 2381 nullitatis

169 2391 179 2396 ”
192 2393 280 2435 vitio,
302 2394 399 2427 etiam
419 2405 455 2428 ex
473 2405 511 2428 eo
531 2396 617 2439 quod
630 2396 782 2429 interesse
795 2401 938 2439 praeten-

195 2441 306 2476 dentes
328 2444 431 2477 vocati
452 2454 517 2476 non
537 2444 666 2485 suerint,
688 2444 806 2483 notari,
832 2445 940 2488 impu-

193 2491 285 2534 gnari
302 2496 356 2525 aut
374 2491 407 2525 in
427 2491 477 2525 ius
495 2493 543 2526 vel
563 2493 812 2526 controversiam
834 2494 939 2526 vocari

160 2552 165 2569 1
193 2539 378 2575 nullatenus
409 2552 503 2586 posse
534 2552 638 2585 neque
665 2543 792 2582 debere,
823 2542 941 2575 minus-

194 2598 256 2632 que
275 2590 335 2624 sub
345 2590 510 2634 quibusvis
522 2590 789 2631 revocationibus,
806 2602 940 2635 suspen-

1618 182 1682 226 542

978 258 1132 297 sionibus,
1156 257 1442 297 annullationiltus,
1466 254 1725 295 limitationibus,

979 311 1237 353 derogationibus
1255 318 1283 344 ct
1303 312 1373 344 aliis
1393 310 1561 344 contrariis
1590 309 1726 354 disposi-

979 365 1120 398 tionibus
1145 376 1161 397 a
1186 365 1266 398 Sede
1292 359 1565 409 praefatajetiam
1588 362 1621 397 in
1641 363 1727 397 savo-

980 430 1047 452 rem
1060 419 1246 462 quorumvis
1265 419 1508 462 quomodolibet
1528 417 1682 452 emanatis
1697 423 1728 452 et

981 473 1179 512 emanandis,
1196 473 1378 505 nullatcnus
1392 472 1622 516 comprehendi
1637 482 1728 516 posse

979 532 1034 559 aut
1053 527 1191 565 debere3
1219 526 1468 570 nccn0n,quoad
1485 526 1726 560 concessionem

980 585 1011 613 et
1029 580 1289 623 assignationem,
1312 584 1405 623 prout
1432 585 1479 613 est
1494 584 1524 613 et
1539 585 1726 613 attentatum

981 633 1086 666 forsan
1107 638 1153 666 est
1172 633 1339 671 hactenus,
1361 644 1397 666 ac
1426 639 1489 666 tam
1518 633 1624 677 quoad
1659 633 1727 667 illas

980 697 1077 730 quam
1097 687 1204 719 omnia
1229 687 1291 719 alia
1310 687 1548 731 s11p1·atlicta‚ex
1565 692 1641 721 tunc
1654 687 1727 720 irri-

980 745 1048 773 tum
1068 745 1099 773 et
1125 741 1236 781 inane,
1259 740 1284 773 si
1304 751 1395 773 secus
1423 751 1519 784 super
1537 741 1587 773 his
1607 752 1623 774 a
1644 751 1727 785 quo-

980 805 1089 837 quam,
1123 794 1232 837 quavis
1270 794 1468 835 auctoritate,
1510 794 1647 828 scienter
1678 795 1726 828 vel

981 847 1179 890 ignoranter,
1199 847 1370 890 contigerit
1389 847 1548 880 attentari.

1024 901 1038 943 ξ
1063 900 1093 933 6.
1122 900 1279 939 Quocirca
1310 900 1546 934 venerabilibus
1576 901 1727 933 fratribus

980 954 1096 987 nostris
1116 954 1316 998 patriarchae
1336 954 1562 996 Alexandrino,
1580 966 1615 987 ac
1634 955 1727 988 Ame-

980 1007 1051 1040 rino
1069 1012 1099 1041 et
1117 1007 1327 1051 Aquinatensi
1347 1008 1507 1052 episcopis
1527 1019 1584 1052 per
1603 1014 1728 1051 aposto-

980 1060 1041 1094 lica
1061 1061 1179 1105 scripta
1199 1062 1389 1094 mandamus
1409 1067 1566 1104 quatenus
1594 1061 1652 1105 ipsi
1679 1062 1727 1095 vel

980 1115 1044 1147 duo
1056 1120 1111 1147 aut
1128 1126 1211 1148 unus
1231 1125 1356 1155 eorum,
1369 1125 1427 1158 per
1446 1125 1478 1148 se
1497 1115 1545 1148 vel
1560 1114 1657 1147 alium
1671 1125 1727 1148 seu

980 1168 1070 1208 alios,
1093 1175 1277 1212 praesentes
1292 1169 1412 1203 litteras
1428 1174 1458 1202 et
1473 1169 1503 1202 in
1525 1168 1570 1202 eis
1580 1174 1727 1202 contenta

981 1232 1220 1266 quaecumque,
1243 1222 1298 1255 ubi
1318 1228 1349 1255 et,
1371 1222 1499 1266 quando
1520 1232 1601 1266 opus
1618 1222 1725 1260 suerit,

980 1280 1011 1308 et
1029 1275 1156 1318 quoties
1187 1285 1247 1320 pro
1271 1281 1359 1319 parte
1387 1274 1526 1319 Philippi
1555 1273 1728 1319 praepositi

980 1339 1017 1361 ac
1037 1328 1294 1372 congregationis
1307 1330 1523 1372 praefatorum
1541 1334 1572 1362 et
1586 1327 1727 1371 singula-

980 1392 1053 1415 rum
1069 1381 1156 1415 illius
1178 1393 1390 1426 personarum
1410 1393 1499 1416 nunc
1518 1386 1548 1415 et
1567 1392 1625 1425 pro
1646 1386 1727 1415 tem-

980 1446 1058 1478 pore
1078 1435 1281 1469 existentium
1294 1446 1349 1469 seu
1361 1435 1498 1469 alicuius
1511 1446 1623 1469 eorum
1637 1435 1728 1468 desu-

980 1500 1038 1533 per
1057 1489 1175 1522 fuerint
1188 1489 1343 1532 requisiti,
1362 1488 1547 1523 solemniter
1558 1489 1726 1533 publican-

980 1548 1038 1583 tes,
1060 1543 1170 1586 eisque
1190 1543 1223 1576 in
1249 1542 1431 1587 praemissis
1455 1542 1591 1576 efficacis
1620 1542 1728 1588 desen7

980 1596 1079 1630 sionis
1099 1596 1260 1641 praesidio
1279 1595 1471 1636 assistentes,
1486 1594 1601 1628 faciant
1619 1602 1728 1629 aucto-

980 1651 1073 1684 ritate
1099 1655 1207 1684 nostra
1226 1655 1410 1694 praesentes
1431 1649 1552 1682 litteras
1571 1655 1601 1682 et
1632 1649 1662 1682 in
1683 1649 1727 1682 eis

980 1709 1129 1738 contenta
1148 1714 1372 1748 quaecumque
1393 1702 1527 1735 tirmiter
1551 1701 1723 1742 observari,

980 1769 1018 1793 ac
1027 1758 1181 1801 singulos,
1197 1768 1276 1800 quos
1285 1757 1370 1801 ipsae
1381 1756 1503 1790 litterae
1514 1761 1724 1795 concernunt,

981 1812 1045 1845 illis
1063 1812 1197 1856 pacifice
1216 1811 1321 1844 fruiet
1342 1809 1493 1853 gaudere,
1515 1819 1579 1842 non
1596 1808 1727 1853 permit-

981 1870 1083 1899 tentes
1107 1876 1161 1899 eos
1185 1865 1324 1909 desuper
1338 1874 1395 1908 per
1414 1873 1634 1906 quoscumque
1651 1872 1727 1895 con-

981 1924 1029 1952 tra
1055 1917 1274 1962 praesentium
1306 1923 1449 1949 tenorem
1484 1914 1727 1958 quomodolibet

984 1971 1124 2005 indebite
1136 1970 1310 2005 molestari.
1329 1968 1595 2008 Contradictores‚
1617 1972 1727 2000 aucto-

981 2026 1073 2059 ritate
1085 2031 1204 2066 nostra,
1218 2021 1629 2069 appellationepostposita‚
1640 2031 1727 2055 com-

980 2081 1153 2124 pescendo.

1025 2134 1040 2177 ἓ
1065 2133 1095 2166 7.
1122 2133 1190 2166 Non
1220 2129 1419 2165 obstantibus
1443 2127 1545 2173 priori
1565 2127 1727 2163 voluntate

981 2193 1088 2220 nostra
1110 2185 1262 2229 praefata,
1289 2195 1326 2217 ac
1349 2181 1569 2216 Lateranensis
1596 2181 1726 2215 concilii

982 2239 1151 2273 novissime
1179 2236 1344 2277 celebrati,
1377 2235 1512 2268 uniones
1539 2240 1725 2279 perpetuas,

982 2293 1042 2325 nisi
1064 2293 1095 2325 in
1116 2291 1242 2325 casibus
1257 2290 1356 2324 aiure
1377 2287 1551 2333 permissis,
1574 2287 1728 2333 fieripro-

983 2345 1131 2385 bibentis,
1154 2356 1190 2377 ac
1210 2344 1279 2388 piae
1300 2342 1474 2376 memoriae
1494 2341 1647 2375 Bonisacii
1668 2342 1726 2375 Pa-

982 2406 1040 2439 pae
1065 2395 1140 2435 Vttt,
1168 2394 1261 2427 etiam
1287 2391 1542 2437 praedecessoris
1561 2390 1673 2432 nostri,
1695 2396 1727 2424 et

982 2444 1051 2476 aliis
1071 2443 1253 2487 apostolicis
1280 2440 1564 2474 constitutionibus
1584 2445 1614 2473 et
1639 2439 1725 2473 ordi-

982 2492 1176 2532 nationibus·⁷
1203 2490 1377 2535 privilegiis
1393 2500 1534 2534 quoque,
1557 2488 1728 2522 indultiset

982 2542 1095 2575 litteris
1112 2539 1296 2584 apostolicis
1315 2538 1488 2572 venerabili
1508 2537 1598 2571 fratri
1617 2541 1727 2571 nostro

983 2590 1160 2624 Alexandro
1179 2589 1330 2632 episcopo
1358 2587 1550 2629 Tusculano,
1570 2585 1728 2622 cardinali

1744 198 1796 225 An.
1811 195 1842 224 c.
1855 194 1934 237 1575·

1794 904 1923 927 Evecutorefl

1741 939 1836 964 deputat,

1767 2137 1877 2161 contram
1900 2144 1922 2161 o·

1740 2172 1796 2191 mnia
1818 2173 1916 2193 removet
