2059 3228
32 172 212 221 uzi-15³*

39 224 55 258 J
227 242 260 270 et
278 237 470 281 quantitates
491 247 598 270 rerum
620 236 677 270 sibi
700 235 971 278 consignatarum,

36 293 48 336 5
227 296 257 325 et
279 301 399 325 nomeu
419 291 600 325 executoris
620 289 849 333 consignantis.

35 337 53 390 ξ
268 344 284 388 g
316 344 391 378 36.⁶
406 345 563 377 Restituat
596 344 732 387 quilibet
764 348 972 376 executorum

69 421 211 444 nommqno-
225 397 467 441 praedictorum
499 397 704 430 executiones
734 395 798 429 sive
828 396 912 428 bona
941 395 972 427 in

61 453 74 469 ⁸
117 447 211 470 ¹⁰¹¹⁶¹'¹‘
225 450 412 484 executione
439 456 532 494 capta
564 450 674 493 gratis,
705 448 973 493 quotiescumque

32 394 68 586 ξ
224 503 374 537 dominus
393 505 616 537 locumteuens
642 501 850 535 mandaverit.

268 557 352 601 §32
374 557 576 600 Quicumque
597 555 628 588 in
649 555 833 599 praemissis
845 559 972 588 contra-

30 651 32 654 ,
72 623 211 646 nir-venien.
224 611 358 651 venerit,
373 610 480 643 officio
501 620 558 642 suo
575 609 729 653 privetur,
752 614 784 640 et
797 618 855 651 pro
874 608 971 640 modo

94 656 176 684 ⁹⁰⁰⁰*
225 675 373 698 excessus
383 662 605 706 corporalibus
614 661 736 705 poenis,
749 660 972 701 gubernatoris

224 717 358 750 arbitrio
379 717 548 760 plectatur,
568 715 750 757 damnaque
768 718 798 746 et
818 713 971 747 interesse

224 769 371 814 partibus
391 769 524 802 reficere
545 772 690 810 cogatur.
708 767 769 799 Pro
782 766 900 810 quibus
915 767 971 800 da-

224 823 310 857 mnis
333 828 364 856 et
401 822 556 855 interesse
593 820 730 864 quilibet
765 820 972 853 baroncellus

225 876 459 919 cuiuscumque
473 875 582 908 curiae
598 885 656 918 pro
668 874 733 906 suis
746 874 972 907 executoribus

224 935 257 964 et
280 929 448 963 birruariis
472 929 630 970 obligatus
651 927 701 960 sit.

269 984 284 1027 S*
308 982 361 1017 38.
387 983 450 1015 Nos
469 982 591 1025 itaque,
609 981 749 1014 volentes
771 980 971 1013 reformatio-

76 1052 211 1074 connfmn„
225 1047 300 1070 nem
319 1036 517 1076 huiusmodi,
543 1041 606 1067 tam
632 1035 769 1067 maximo
801 1034 910 1067 labore
943 1040 974 1067 et

48 1084 214 1138 „fflfflmm‘
228 1095 291 1123 tam
309 1095 434 1123 matura
451 1089 662 1128 discussione,
675 1088 713 1120 ad
731 1087 892 1130 publicam
908 1098 974 1120 ma-

228 1143 312 1177 xime
339 1142 587 1187 eollitigantium
617 1141 799 1179 utilitatem,
833 1141 974 1174 tribuim-

228 1198 331 1241 lisque
350 1197 454 1231 dictae
474 1197 566 1230 Urbis
582 1195 806 1239 gubernatoris
826 1195 974 1228 directio-

228 1262 316 1293 nem,
338 1256 373 1284 ut
399 1251 592 1295 praefertur,
623 1250 788 1292 digestam,
818 1254 973 1292 perpetuo

228 1305 519 1347 inviolabiliterque
539 1302 711 1342 obse1·vari;
734 1307 821 1335 motu
842 1302 974 1346 proprio

228 1364 261 1394 et
280 1370 316 1392 ex
337 1363 424 1392 certa
443 1363 552 1390 nostra
567 1356 709 1395 scientia,
726 1356 829 1399 deque
844 1360 973 1399 aposto-

227 1412 310 1447 licae
341 1410 506 1457 potestatis
538 1409 751 1454 plenitudine,
776 1408 973 1452 praedictam

228 1466 490 1501 reformationem
510 1464 683 1507 omniaque
704 1469 734 1496 et
749 1462 875 1505 singula
895 1462 974 1495 inea

228 1525 391 1561 contenta,
414 1525 525 1552 tenore
537 1517 768 1562 praesentium,
783 1516 975 1549 auctoritate

227 1573 403 1619 apostolica
422 1572 652 1605 confirmamus
682 1576 712 1604 et
745 1571 972 1614 approbamus.

228 1627 413 1667 Quinimmo
433 1626 580 1660 eamdem
605 1624 865 1657 reformationem
878 1624 974 1655 inea-

227 1692 291 1726 que
311 1685 462 1714 contenta
488 1689 726 1724 quaecumque,
755 1683 842 1710 motu
864 1684 893 1709 et
918 1688 974 1710 au-

227 1735 374 1770 ctoritate
388 1733 559 1778 praedietis
569 1743 627 1766 nos
644 1733 681 1765 de
696 1742 775 1779 novo
793 1731 972 1771 statuimus,

227 1788 432 1823 decernimus
451 1792 482 1820 et
501 1787 701 1825 ordinamusg
724 1791 752 1818 et
775 1795 831 1828 per
851 1785 975 1828 praesa-

227 1849 296 1876 tum
316 1846 462 1875 nostrum
483 1846 513 1874 et
531 1851 590 1885 pro
612 1846 756 1882 tempore
790 1838 975 1871 existentem

227 1896 322 1930 Urbis
341 1896 593 1939 gubernatorem
614 1894 745 1937 eiusque
767 1893 799 1925 in
831 1892 976 1925 civilibus

229 1950 503 1983 locumtenentem
519 1960 555 1981 ac
570 1953 807 1992 procuratores,
822 1946 974 1986 notarios,

229 2002 456 2043 mandatarios,
467 2002 637 2045 litigantes,
651 2006 901 2042 executoresque
913 1999 977 2032 sire

229 2056 408 2090 birruarios
431 2062 462 2089 et
480 2055 560 2088 alios
580 2064 813 2097 quoscumque,
845 2049 976 2085 exat-tis-

229 2109 310 2143 sime
330 2115 553 2153 perpetuoque
575 2108 690 2140 servari
713 2107 930 2152 praecipimus
946 2112 978 2138 et

231 2163 438 2204 mandamus,
461 2173 646 2207 poenasque
664 2161 695 2193 iu
723 2160 804 2193 dieta
826 2160 978 2192 rte-sorma-

231 2217 319 2252 tione
334 2216 496 2261 appositas
515 2217 554 2249 de
569 2226 649 2248 noro
666 2213 979 2247 conti-ar<·nientibus

232 2271 506 2315 quibuscumque,
518 2276 548 2303 et
562 2280 620 2313 pro
630 2268 774 2312 qualilmt>
789 2267 866 2304 rice,
881 2277 979 2310 appo-

232 2324 340 2358 nimus
364 2329 395 2357 et
418 2324 605 2367 infligimus.
637 2339 639 2342 .

277 2373 362 2417 539.
387 2373 602 2422 Dgcei‘nentes
627 2372 733 2405 emnia
754 2382 835 2414 quae
868 2376 980 2403 contra

123 2429 220 2451 eia-:suia
234 2423 339 2456 dictae
359 2423 598 2456 reformationis
618 2424 751 2454 sormam
771 2427 797 2453 et
825 2426 980 2458 tenorem,

38 2459 126 2482 urtam.
235 2473 375 2512 decreta,
401 2477 471 2505 acta
496 2479 526 2505 et
546 2477 634 2514 gesta
656 2470 787 2506 suerint,
810 2470 910 2507 nulla,
932 2469 979 2500 in-

235 2520 338 2554 valida
357 2525 388 2553 et
407 2525 530 2553 extorta
551 2527 578 2552 et
613 2518 814 2562 subreptitia,
842 2518 980 2550 nullius-

236 2579 300 2614 que
319 2569 445 2607 roboris
473 2575 504 2603 et
533 2568 686 2606 momenti
707 2569 774 2601 l'ore
795 2572 824 2600 et
844 2566 978 2606 censeri,

893 181 996 206 stXTUS
1016 182 1033 206 V
1054 183 1100 206 ΓΡ.
1268 187 1289 201 '‘-

1652 172 1716 206 965

1016 235 1203 279 neminique
1222 241 1392 281 propterea
1411 236 1578 279 suffragari
1599 247 1692 280 posse
1711 236 1758 270 vel

1015 288 1142 322 debere.
1161 290 1197 322 Et
1211 290 1264 331 ita,
1278 301 1335 335 per
1349 301 1572 334 quoscumque
1592 289 1713 324 iudices
1728 295 1760 324 et

1015 342 1260 381 commissarios,
1280 344 1390 386 quavis
1413 343 1604 377 auctoritate
1626 344 1760 387 fungen-

1016 400 1072 433 tes,
1095 396 1191 428 etiam
1212 396 1242 429 S.
1266 397 1302 429 R.
1324 397 1359 429 E.
1391 397 1570 430 cardinales
1594 403 1624 430 et
1649 408 1760 430 causa-

1014 458 1085 480 rum
1100 449 1209 482 Palatii
1225 450 1397 493 Apostolici
1413 450 1587 490 auditores,
1603 451 1632 483 in
1649 451 1759 494 quavis

1014 511 1110 534 causa
1137 507 1167 533 et
1187 501 1346 542 instantia,
1369 503 1493 535 sublata
1517 503 1562 536 eis
1582 509 1612 536 et
1645 514 1757 537 eorum

1014 553 1144 587 cuilibet
1163 555 1274 597 quavis
1297 556 1388 589 aliter
1418 556 1579 589 iudicandi
1605 564 1636 590 et
1659 556 1758 590 inter-

1013 608 1158 651 pretandi
1180 610 1329 642 lat-ultate
1350 615 1380 642 et
1399 609 1600 650 auctoritate,
1621 610 1756 643 iudicari

1013 666 1044 693 et
1082 661 1209 694 definiri
1243 662 1378 702 debere;
1405 661 1530 695 irritum
1565 673 1694 706 quoque
1728 669 1758 697 et,

1014 713 1106 747 inane
1117 715 1273 759 quicquid
1285 727 1375 749 secus
1388 716 1542 759 superbis
1554 727 1571 749 a
1582 727 1757 760 quoquam,

1012 768 1121 810 quavis
1131 769 1336 809 anctoritate,
1351 769 1488 802 scienter
1499 770 1545 802 vel
1559 769 1755 811 ignoranter,

1013 821 1183 864 contigerit
1202 823 1362 855 attentari.

1056 875 1070 918 ξ
1089 875 1143 909 49.
1166 876 1234 909 Non
1255 877 1455 910 obstantibus
1474 878 1759 911 constitutionibus

1013 934 1043 962 et
1072 929 1330 963 ordinationibus
1363 931 1560 974 apostolicis,
1592 944 1628 965 ae
1664 934 1756 977 stylo,

1013 983 1245 1016 consuetudine
1283 994 1319 1016 ac
1356 995 1563 1027 quocumque
1606 986 1760 1030 temporis

1014 1047 1123 1075 eursu,
1161 1036 1255 1069 ctiam
1291 1037 1550 1078 immemorabili,
1579 1040 1758 1078 roboratis·,

1014 1089 1185 1133 privilegiis
1209 1095 1239 1123 et
1258 1090 1401 1130 indultis,
1422 1096 1485 1124 tam
1517 1092 1575 1135 ipsi
1606 1093 1758 1126 tribunali

1014 1143 1107 1176 Urbis
1127 1144 1363 1186 gubernatoris,
1385 1145 1432 1177 vel
1462 1145 1538 1188 ipsis
1567 1147 1760 1189 gubernato-

1015 1196 1104 1229 ribus
1124 1202 1155 1230 et
1174 1197 1479 1235 locumtenentibus,
1502 1209 1597 1241 quam
1613 1199 1757 1240 notariis,

1015 1250 1221 1282 mandatariis
1246 1261 1424 1294 eorumque
1449 1251 1585 1293 collegio
1605 1256 1636 1285 et
1661 1253 1759 1285 colle-

1014 1303 1073 1345 giis
1093 1303 1228 1346 aliisque
1240 1304 1500 1347 quibuscumque
1514 1305 1668 1347 personis,
1680 1317 1759 1349 qua-

1015 1367 1156 1399 cumque
1176 1357 1316 1399 generali
1335 1358 1382 1389 vel
1402 1357 1533 1400 speciali
1553 1363 1629 1391 nota
1652 1364 1682 1391 et
1706 1370 1758 1391 ex-

1016 1411 1179 1453 pressione
1199 1410 1313 1453 diguis,
1336 1416 1368 1443 et
1397 1412 1704 1455 quomodocumque
1731 1418 1759 1445 et

1015 1464 1294 1507 qualitercumque
1314 1464 1532 1507 privilegiatis,
1553 1465 1647 1498 etiam
1660 1471 1759 1504 motu,

1015 1517 1148 1550 scientia
1158 1517 1361 1561 etpotestatis
1373 1518 1574 1561 plenitudiue
1588 1518 1758 1556 similibus,

1015 1570 1109 1604 etiam
1131 1570 1405 1610 consistorialiter,
1428 1571 1486 1604 sub
1502 1571 1760 1615 quibuscumque

1015 1624 1181 1657 tenoribus
1211 1629 1241 1657 et
1268 1624 1389 1663 formis,
1420 1630 1450 1657 et
1481 1635 1554 1657 cum
1580 1625 1758 1669 quibusvis,

1016 1678 1110 1711 etiam
1135 1678 1414 1720 derogatoriarum
1440 1678 1761 1720 derogatoriis,aliis-

1003 1743 1077 1777 ‘que
1103 1732 1338 1764 efficacioribus
1362 1738 1393 1764 et
1424 1732 1560 1765 insolitis
1595 1733 1758 1771 clausulis,

1016 1786 1283 1828 irritantil‘iusque
1302 1790 1332 1818 et
1351 1785 1422 1817 aliis
1437 1785 1586 1823 decretis,
1598 1786 1629 1818 in
1646 1797 1760 1829 genere

1016 1840 1063 1871 vel
1084 1840 1115 1871 in
1136 1839 1241 1882 specie
1259 1844 1289 1871 et
1307 1839 1384 1871 alias
1397 1839 1651 1882 quomodolibet,
1666 1839 1761 1872 etiam

1016 1903 1074 1936 per
1094 1903 1162 1931 nos,
1186 1891 1357 1932 concessis,
1379 1892 1565 1936 approbatis
1585 1898 1615 1925 et
1636 1893 1762 1925 innova-

1018 1945 1072 1981 tis:
1095 1946 1213 1988 quibus
1226 1945 1387 1983 omnibus,
1404 1945 1540 1985 etiamsi,
1557 1956 1614 1989 pro
1632 1945 1762 1978 illorum

1018 1998 1188 2031 sufficienti
1209 1999 1428 2041 derogatione,
1442 1999 1481 2031 de
1502 1999 1562 2030 illis
1583 2009 1762 2041 eorumque

1019 2052 1089 2084 totis
1111 2052 1276 2085 tenoribus
1300 2052 1462 2096 specialis,
1485 2052 1651 2095 specifica,
1679 2052 1763 2085 indi—

1019 2106 1110 2138 vidua
1131 2110 1161 2138 et
1173 2116 1321 2149 expressa
1347 2117 1383 2139 ac
1399 2107 1437 2138 de
1453 2105 1549 2138 verbo
1569 2106 1607 2138 ad
1619 2106 1763 2144 verbum,

1019 2170 1082 2191 non
1103 2165 1209 2191 autem
1231 2170 1288 2202 per
1305 2160 1464 2192 clausulas
1489 2160 1654 2202 generales
1679 2158 1763 2191 idem

1019 2212 1238 2255 importantes,
1263 2212 1382 2245 mentio
1403 2224 1458 2245 seu
1478 2212 1608 2256 quaeris
1627 2213 1689 2244 alia
1715 2223 1766 2245 ex-

1020 2266 1140 2309 pressio
1151 2266 1297 2298 habenda
1309 2271 1363 2298 aut
1375 2266 1482 2308 aliqua
1496 2265 1651 2309 exquisita
1664 2266 1766 2298 forma

1020 2320 1059 2352 ad
1084 2321 1143 2352 boe
1164 2320 1318 2352 servanda
1329 2320 1420 2359 soret,
1437 2325 1564 2352 tenores
1579 2319 1766 2352 huiusmodi

1021 2369 1180 2412 lirracsenti
1203 2378 1260 2411 pro
1290 2367 1486 2400 sufficienter
1518 2368 1675 2411 expressis
1708 2369 1766 2401 lia-

1020 2419 1143 2457 bentes,
1166 2417 1229 2450 illis
1249 2416 1326 2449 alias
1347 2416 1379 2449 in
1399 2427 1456 2449 suo
1482 2416 1597 2449 robore
1619 2427 1767 2460 perman-

1021 2466 1115 2506 suris,
1138 2466 1197 2498 liac
1230 2465 1298 2498 vice
1329 2465 1502 2503 dumtaxat,
1534 2466 1718 2508 specialiter
1737 2471 1768 2498 et

1022 2526 1168 2559 expresse
1188 2515 1400 2557 derogamus,
1423 2520 1454 2546 et
1476 2513 1670 2557 quibuslibet
1698 2514 1768 2547 aliis

1022 2564 1210 2610 privilegiis,
1232 2563 1365 2597 indultis
1385 2569 1415 2597 et
1436 2562 1548 2596 litteris
1568 2563 1764 2606 apostolicis,

1774 179 1826 207 An.
1844 178 1872 206 C.
1890 176 1956 205 1587

1801 883 1911 905 Gtansutae
1921 885 1954 906 de—

1775 919 1902 941 rugat-ortae.
