2059 3228
83 278 131 302 An,
151 277 178 303 C,
200 278 267 306 ¹572

325 270 347 302 4

281 330 402 364 institui
420 335 536 374 posset.
564 330 644 376 (ζωῇ
664 329 787 372 autom,
810 331 891 365 sicut
915 332 1025 366 eadem

281 385 436 429 expositio
466 384 699 427 subiungebat,
738 390 801 418 tam
826 390 972 420 sanctum
997 392 1027 420 et

280 438 499 473 necessarium
529 448 612 481 opus
630 437 752 481 absque
777 444 886 472 nostra
913 445 944 474 et
970 440 1026 474 Se-

279 492 328 525 dis
358 491 557 535 Apostolicae
589 491 778 525 auctoritate
809 493 849 526 ad
881 498 1026 537 optatum

278 545 374 579 tinem
402 544 534 588 perduci
554 545 646 578 facile
670 552 829 589 nequeat,
855 546 940 580 idem
970 547 1026 581 Se-

277 598 439 631 bastianus
463 608 517 630 rex
545 597 637 631 nobis
661 597 826 632 humiliter
850 599 1026 643 supplicari

277 652 362 692 fecit,
394 657 429 684 ut
448 651 592 685 ciusdem
612 651 786 695 Religionis
805 652 837 685 S.
860 652 1023 686 Benedicti

276 704 501 738 restaurationi
532 699 703 739 salubriter
740 705 773 738 in
810 705 895 738 dicto
926 716 1026 749 regno

275 758 465 799 consulere,
485 757 627 802 aliasque
650 758 684 791 in
703 758 887 802 praemissis
907 770 1024 803 oppor-

275 817 351 844 tune
376 811 542 855 providere
571 811 611 845 de
630 811 825 855 benignitate
848 813 1024 856 apostolica

273 864 495 907 dignaremur.
529 865 593 898 Nos
626 864 738 908 igitur,
769 865 825 909 qui
847 865 928 899 votis
952 866 1023 908 qni-

276 917 434 959 buslibet,
459 918 650 962 praescrtim
674 918 832 961 regularis
847 918 1025 963 disciplinae

273 971 526 1005 observationem
548 971 839 1012 concernentibus,
866 976 1022 1015 quantum

272 1036 347 1058 cum
371 1025 436 1058 Deo
456 1035 650 1069 possumus,
675 1024 812 1059 libenter
835 1025 1023 1066 annuimus,

274 1078 424 1112 eumdem
441 1078 664 1112 Sebastianum
688 1089 799 1121 regem
823 1089 842 1111 a
861 1078 1024 1122 quibusvis

273 1131 632 1173 excommunicationis,
668 1131 887 1176 suspensionis
917 1136 948 1165 et
978 1131 1025 1164 in-

273 1185 400 1219 terdicti
424 1184 559 1230 aliisque
583 1184 806 1219 ecclesiasticis
837 1184 1019 1225 sententiis,

271 1239 416 1273 censuris
430 1244 462 1272 et
480 1239 604 1283 poenis
619 1249 638 1273 a
652 1239 723 1273 iure
738 1239 785 1272 vel
809 1238 849 1272 ab
872 1238 1015 1278 homine,

271 1292 381 1336 quavis
406 1291 576 1326 occasione
594 1292 643 1326 vel
669 1292 879 1333 causa,1atis‚
902 1292 927 1325 si
952 1292 1023 1335 qui-

271 1346 332 1379 bus
355 1346 602 1390 quomodolibet
629 1345 805 1395 innodatus
828 1345 949 1386 existit,
982 1345 1021 1378 ad

274 1399 425 1432 effectum
462 1399 682 1444 praesentium
720 1399 884 1433 dumtaxat
909 1409 1022 1432 conse-

272 1452 458 1496 quendum,
497 1452 614 1486 harum
649 1452 730 1486 serie
768 1452 966 1486 absolventes
994 1458 1025 1485 et

271 1506 455 1539 absolutum
498 1506 566 1540 fore
609 1511 796 1547 censentes,
836 1505 1022 1540 huiusmodi

273 1559 564 1603 supplicationibus
583 1560 745 1602 inclinati,
772 1571 870 1595 unam
891 1570 1024 1604 congre-

270 1613 435 1657 gationem
459 1614 606 1647 omnium
631 1619 662 1648 et
686 1614 888 1658 singulorum
908 1624 1021 1648 mona-

273 1667 445 1701 steriorum
469 1668 612 1702 virorum
633 1667 761 1702 Ordinis
785 1668 893 1702 Sancti
921 1668 1023 1702 Bene-

272 1721 348 1754 dicti
363 1721 550 1755 huiusmodi
574 1722 607 1756 in
631 1722 746 1757 eodem
766 1733 865 1767 regno
885 1723 1024 1756 existen-

273 1774 373 1814 tium,
415 1786 498 1819 quae
537 1775 576 1809 de
610 1775 682 1810 iure
709 1781 900 1821 patronatus
924 1776 1025 1821 ipsius

271 1827 449 1861 Sebastiani
482 1829 566 1872 regis
595 1828 755 1870 existunt,
795 1829 855 1862 sub
891 1829 1020 1863 invoca-

272 1881 359 1914 tione
396 1882 501 1916 eidem
538 1882 726 1916 Sebastiano
759 1882 827 1926 regi
855 1882 1023 1925 benevisa,

272 1930 395 1963 etiamsi
419 1930 487 1975 ipse
511 1931 599 1964 illam
623 1932 663 1965 ab
687 1941 754 1966 uno
778 1942 816 1965 ex
841 1931 934 1966 dictis
952 1942 1023 1965 mo-

272 1979 420 2013 nasteriis
463 1980 683 2022 denominari,
723 1981 1022 2025 monasteriumque

273 2028 458 2063 huiusmodi
483 2029 570 2063 illius
586 2035 683 2074 caput
701 2040 787 2071 esse,
811 2030 860 2064 vel
880 2030 1022 2073 aliquam

274 2077 306 2109 in
331 2088 367 2110 ea
387 2078 664 2122 praeeminentiam
689 2090 746 2113 seu
768 2079 1022 2124 praerogativam

272 2126 392 2161 habere
415 2128 573 2169 voluerit,
609 2129 649 2163 ad
681 2129 921 2174 praedictarum
946 2140 1023 2163 con-

273 2177 494 2218 gregationum
514 2177 633 2220 instar,
654 2189 728 2212 cum
752 2178 853 2212 solitis
868 2179 937 2212 eius
956 2180 1023 2223 pri-

274 2224 414 2267 vilegiis,
440 2226 665 2268 facultatibus,
687 2227 870 2268 favoribus,
892 2227 1025 2262 indultis

275 2278 305 2305 et
329 2274 458 2327 gratiis,
485 2276 675 2310 auctoritate
690 2276 886 2321 apostolica,
913 2282 1024 2311 tenore

275 2328 515 2377 praesentium,
542 2335 578 2358 ex
604 2331 691 2359 certa
725 2325 879 2366 scientia,
907 2336 1024 2369 perpe-

275 2375 330 2403 tuo
352 2381 505 2415 erigimus
534 2378 564 2407 ct
583 2374 800 2415 instituimus;
826 2384 956 2408 necnon
977 2375 1024 2408 illi

276 2419 320 2452 sic
354 2426 479 2454 erectae
504 2422 612 2456 omnia
636 2429 667 2457 et
686 2423 814 2468 singula
833 2423 912 2456 dicti
932 2422 1024 2456 Ordi-

276 2467 325 2500 nis
349 2468 380 2501 S.
403 2469 566 2503 Benedicti
590 2472 784 2506 monasteria
802 2472 966 2512 virorum,
993 2471 1024 2506 in

276 2515 361 2549 dicto
389 2527 488 2558 regno
515 2519 740 2561 consistentia,
767 2520 852 2554 etde
876 2520 948 2553 iure
966 2531 1024 2564 pa-

276 2570 422 2598 tronatus
438 2565 537 2608 ipsius
557 2567 734 2602 Sebastiani
748 2569 835 2613 regis
847 2569 1024 2607 existentia,

277 2617 312 2645 ut
331 2614 524 2657 praefertur,
542 2626 782 2661 quaecumque,
803 2623 1024 2662 quotcumque

278 2666 308 2696 et
318 2662 568 2708 qualiacumque
583 2664 657 2707 sint,
672 2672 703 2708 et
713 2677 772 2712 per
786 2676 1022 2712 quoscumque,

874 279 1052 304 BULLimtnM
1075 279 1226 305 ROMANUM

1068 334 1163 367 etiam
1188 333 1385 367 venerabiles
1405 334 1516 367 fratres
1532 339 1656 367 nostros
1672 334 1704 366 S.
1723 334 1758 366 R.
1777 334 1812 366 E.

1068 387 1245 420 cardinales
1257 392 1287 421 et
1297 387 1417 430 legatos
1434 386 1472 418 de
1490 387 1599 426 latere,
1622 386 1654 418 in
1671 386 1812 426 titulum,

1067 441 1291 473 commendam
1302 440 1349 472 vel
1361 438 1669 472 administrationem
1681 439 1727 471 vcl
1737 439 1815 472 alias

1067 493 1291 533 obtineantur,
1318 493 1365 525 vel
1385 497 1457 525 actu
1482 502 1569 525 nunc
1586 491 1697 536 quovis
1717 493 1813 526 modo

1066 553 1190 587 vacent,
1212 546 1335 580 etiamsi
1348 551 1435 578 tanto
1453 550 1596 589 tempore
1615 545 1810 587 vacaverint,

1066 610 1205 642 quorum
1235 599 1380 631 omnium
1402 598 1552 642 provisio,
1578 598 1665 632 iuxta
1689 599 1813 632 Latera-

1066 653 1173 686 nensis
1192 658 1310 685 statuta
1334 651 1462 685 concilii
1477 656 1533 684 aut
1546 651 1624 685 alias
1644 652 1814 686 canonicas

1065 706 1267 746 sanctiones,
1299 705 1338 738 ad
1364 704 1477 738 Sedent
1498 705 1712 748 Apostolicam
1737 705 1814 749 legi-

1068 759 1143 798 time
1172 759 1320 792 devoluta
1343 758 1475 799 existat,
1507 763 1537 791 et
1561 758 1600 791 de
1633 758 1694 791 illis
1718 759 1812 793 etiam

1066 812 1329 846 consistorialiter
1361 812 1488 856 disponi
1520 813 1722 845 'consueverit
1756 823 1813 845 scu

1066 866 1200 907 debeat,
1227 876 1326 909 super
1345 865 1408 899 illis
1422 875 1553 909 quoque
1573 865 1657 898 inter
1675 866 1812 909 aliquos,

1065 919 1161 952 etiam
1191 919 1370 952 cardinales
1393 919 1573 962 praefatos,
1609 918 1648 952 lis
1676 919 1815 963 pendeat

1066 973 1227 1013 indecisa,
1251 983 1325 1006 cum
1346 972 1471 1006 dilectis
1487 972 1561 1006 filiis
1581 972 1712 1006 illorum
1728 972 1815 1016 prio-

1066 1026 1167 1067 ribus,
1185 1026 1407 1068 conventibus,
1422 1026 1590 1060 monachis
1603 1026 1814 1070 quibuscum-

1063 1090 1147 1123 que,
1181 1079 1249 1112 sine
1281 1084 1389 1113 tamen
1422 1079 1623 1124 praeiudicio
1654 1079 1814 1113 facultatis

1063 1132 1255 1177 disponendi
1274 1133 1314 1166 de
1329 1132 1532 1167 monasteriis
1549 1133 1692 1166 virorum
1708 1132 1741 1166 in
1760 1144 1812 1166 re-

1064 1196 1127 1230 gno
1160 1186 1326 1230 praedicto
1352 1186 1600 1220 consistentibus
1624 1191 1655 1219 et
1678 1186 1717 1219 de
1741 1186 1813 1220 iure

1063 1245 1253 1284 patronatus
1284 1240 1462 1274 Sebastiani
1492 1240 1577 1284 regis
1606 1239 1814 1273 existentibus

1063 1293 1269 1336 huiusmodi,
1295 1294 1425 1328 illorum
1440 1299 1631 1327 occurrente
1649 1293 1812 1327 vacatione

1063 1358 1100 1381 ae
1132 1347 1253 1381 iurium
1279 1348 1368 1382 Sedis
1396 1347 1596 1392 praedictae,
1620 1346 1812 1381 auctoritate

1068 1407 1097 1435 et
1116 1407 1229 1435 tenore
1248 1401 1436 1446 praedictis,
1458 1401 1666 1442 subiicimus,
1694 1410 1814 1445 suppo-

1064 1455 1171 1488 nimus
1187 1482 1195 1497 ,
1236 1455 1483 1500 incorporamus
1513 1459 1544 1489 et
1587 1464 1811 1498 aggregamus;

1063 1509 1175 1553 illique
1204 1520 1240 1542 ac
1275 1509 1343 1543 eius
1371 1508 1592 1550 monasteriis,
1627 1508 1809 1552 prioribus,

1064 1563 1272 1597 conventibus
1288 1569 1319 1597 et
1332 1562 1499 1596 monachis
1513 1562 1704 1607 praedictis,
1725 1562 1813 1606 quod

1063 1617 1102 1650 de
1119 1622 1226 1650 cetero
1250 1616 1399 1652 omnibus
1413 1621 1445 1649 et
1466 1615 1601 1659 singulis
1623 1615 1812 1659 privilegiis,

1064 1670 1306 1715 praerogativis,
1331 1669 1611 1710 immunitatibus,
1638 1669 1813 1713 exemptio-

1063 1724 1177 1765 nihuS,
1206 1723 1426 1765 libertatibus,
1449 1723 1677 1764 facultatibus,
1704 1722 1812 1756 indul-

1062 1779 1197 1823 gentiis,
1241 1778 1402 1812 favoribus
1415 1805 1423 1820 ,
1461 1777 1594 1811 indultis
1627 1782 1658 1810 et
1687 1777 1812 1820 gratiis,

1062 1838 1126 1866 tam
1160 1832 1381 1876 spiritualibus
1418 1841 1515 1874 quam
1552 1830 1806 1874 temporalibus,

1063 1886 1182 1930 quibus
1212 1884 1476 1929 congregationes
1495 1884 1678 1928 praedictae
1702 1889 1733 1917 ct
1757 1894 1811 1917 ea-

1064 1950 1137 1973 rum
1172 1939 1358 1983 quaelibet,
1386 1948 1508 1981 suaque
1528 1936 1722 1970 monasteria
1755 1947 1811 1970 eo-

1065 2004 1203 2037 rumque
1223 2003 1379 2038 personae
1395 1993 1427 2025 in
1443 2002 1560 2035 genere
1570 1992 1619 2025 vel
1635 1991 1667 2024 in
1683 1990 1789 2035 specie
1801 2016 1809 2031 ,

1063 2049 1159 2082 etiam
1193 2059 1230 2081 ex
1258 2046 1395 2080 aliorum
1415 2046 1572 2079 Ordinum
1593 2043 1812 2079 communica-

1063 2102 1150 2135 tione
1178 2107 1209 2135 et
1228 2111 1265 2135 ex
1285 2099 1547 2134 concessionibus
1575 2097 1761 2142 apostolicis
1781 2102 1812 2130 et

1062 2155 1140 2188 alias
1159 2159 1313 2195 utuntur,
1347 2152 1516 2198 potiuntur
1535 2157 1566 2185 et
1584 2151 1742 2195 gandent,
1774 2161 1812 2184 ac

1063 2208 1109 2242 uti
1124 2234 1132 2249 ,
1152 2207 1251 2252 potiri
1288 2211 1319 2240 et
1341 2205 1481 2250 gaudere
1501 2210 1654 2249 poterunt
1677 2215 1813 2249 quomo-

1063 2262 1185 2295 dolibet
1204 2261 1237 2294 in
1256 2261 1401 2294 futurum
1413 2286 1421 2301 ,
1440 2269 1507 2292 non
1525 2259 1629 2292 solum
1645 2258 1684 2292 ad
1700 2269 1812 2292 earum

1064 2315 1181 2356 instar,
1202 2314 1258 2348 sed
1276 2313 1496 2358 pariformiter
1515 2317 1546 2345 et
1569 2322 1671 2355 aeque
1691 2310 1811 2356 princi-

1063 2369 1195 2412 paliter,
1228 2367 1349 2411 absque
1376 2367 1443 2399 ulla
1466 2375 1600 2410 prorsus
1619 2363 1809 2405 differentia,

1063 2422 1128 2463 uti,
1152 2421 1250 2466 potiri
1270 2426 1301 2455 et
1323 2420 1464 2463 gaudere
1482 2419 1583 2452 libere
1604 2424 1634 2452 et
1652 2418 1738 2452 licite
1757 2429 1812 2451 va-

1063 2471 1165 2512 leant,
1199 2469 1409 2504 concedimus
1437 2474 1468 2501 et
1486 2468 1712 2510 indulgemus;
1752 2477 1812 2501 nec

1064 2529 1130 2552 non
1156 2519 1294 2553 alterum
1323 2529 1360 2551 ex
1388 2516 1514 2550 duobus
1533 2515 1698 2549 monachis
1718 2526 1811 2558 prae-

1063 2569 1149 2609 fatis,
1170 2579 1228 2612 per
1252 2568 1358 2613 ipsum
1378 2565 1599 2600 Sebastianum
1620 2575 1726 2607 regem
1741 2591 1748 2605 ,
1776 2570 1812 2597 ut

1065 2619 1262 2661 praefertur,
1293 2616 1423 2655 accitis,
1449 2620 1504 2648 aut
1528 2614 1626 2647 alium
1647 2613 1724 2647 dicti
1754 2624 1810 2646 seu

1065 2666 1197 2701 alterius
1215 2666 1342 2701 Ordinis
1358 2664 1544 2710 religiosum
1558 2663 1674 2705 virum,
1693 2663 1732 2697 ad
1748 2663 1810 2697 hoc

1829 273 1877 299 An.
1896 273 1925 300 C.
1944 273 2010 300 1572
