2059 3228
126 241 178 268 An.
193 241 221 269 c.
240 243 305 271 1587
365 231 426 265 986
917 236 1095 261 arctamur!
1116 237 1265 260 animaru
1871 237 1923 266 An,
1941 235 1971 265 c,

321 295 458 336 tingens.
495 293 540 326 sic
573 298 687 326 cuncta
718 293 800 325 inter
824 301 856 325 se
883 291 1064 325 admirabili
1107 297 1288 335 temporum
1309 291 1505 331 conditione,
1527 293 1734 332 negociorum
1770 293 1854 326 mul-

319 346 509 379 roncordiac
521 355 602 378 nexu
618 344 989 389 copulavitsuaviterque
1003 345 1064 377 dis-
1084 362 1085 388 1
1105 344 1242 377 titudine
1263 349 1291 377 et
1312 344 1477 383 varietate,
1499 344 1633 387 ipsaque
1644 346 1790 378 utilitatis
1805 356 1856 379 ra-

319 399 437 442 posuit,
461 405 495 431 ut
515 398 655 431 vicissim
680 398 719 431 ad
743 408 877 431 suorum
893 407 926 430 sc
951 407 1064 430 mune-
1083 390 1085 451 J
1107 398 1191 431 tione
1220 397 1393 431 salubriter
1425 397 1537 440 partiri
1568 397 1776 431 decrevimus.
1810 399 1854 431 Ea

318 462 389 484 rum
409 451 592 484 functiones
611 450 804 484 exercendas
828 451 949 483 mutuis
973 450 1063 482 auxi·
1082 466 1086 511 ι
1106 451 1139 484 in
1165 451 1276 494 primis
1301 450 1493 491 cogitatione
1518 450 1666 493 permoti,
1690 456 1726 483 ut
1743 451 1798 494 qui
1815 462 1851 484 ex

318 505 369 537 liis
399 504 616 544 sublevarent3
639 504 707 547 ipsa
732 504 765 536 in
792 504 921 537 coelesti
936 504 1062 536 Ierusa-
1105 504 1256 537 omnibus
1290 503 1475 536 nationibus
1508 503 1548 536 ad
1584 503 1668 536 hanc
1701 509 1849 543 matrem,

316 557 379 590 lem
400 557 503 589 varios
535 557 703 590 beatorum
731 556 902 601 spirituum
933 557 1062 590 ordines
1104 557 1289 601 magistram
1319 556 1569 600 perfugiumque
1599 556 1745 589 fidelium
1764 557 1850 600 Apo-

316 609 472 648 distinxit,
499 619 638 654 quorum
668 609 852 654 superiores
878 611 917 643 de
937 609 1062 643 divinae
1103 611 1250 643 stolicam
1280 610 1395 643 Sedem
1413 636 1420 649 ,
1461 609 1638 642 devotionis
1675 609 1852 653 salutisque

315 662 535 706 providentiae
568 664 665 696 rebus
697 662 866 696 inferiores
898 663 1062 696 illumina·
1081 687 1085 706 a
1105 664 1224 703 studio,
1246 663 1326 696 iuris
1355 663 1583 707 persequendi,
1610 663 1730 705 gratiae
1749 662 1852 705 impe—

314 722 395 748 rent.
409 715 480 759 Ipsa
492 716 658 749 militantis
669 716 842 756 Ecclesiae,
856 727 938 759 quae
952 716 1063 749 trium·
1103 718 1248 758 trandae,
1271 717 1385 750 aliasve
1401 716 1597 760 multiplices
1613 717 1654 749 ob
1663 727 1776 750 causas
1786 715 1852 749 fre-

313 769 441 812 phantis
475 769 562 802 illius
596 769 703 811 imago
737 775 795 810 est,
829 780 947 813 corpus
967 770 1062 803 variis
1104 770 1308 814 quentissimi
1328 770 1531 812 confugiunt,
1554 769 1575 801 ii
1590 769 1722 813 quidem
1735 775 1768 802 et
1780 774 1851 802 tuto

313 822 466 855 membris
485 822 635 855 discrevit
654 833 737 866 quae
750 849 757 860 ‚
780 823 876 866 capiti
907 833 965 856 suo
989 824 1061 866 glu-
1103 830 1134 857 et
1153 824 1323 857 commode
1345 824 1517 867 (quantum
1537 823 1570 855 in
1590 822 1764 866 provinciis
1791 832 1851 855 no-

313 875 381 908 tino
402 876 543 908 caritatis
560 882 728 920 compacta
739 881 769 910 et
779 887 934 916 connexa,
949 882 1061 910 mutuo
1103 878 1177 911 stris
1197 882 1359 921 praestare
1378 876 1563 920 possumus)
1581 876 1715 912 Romam
1740 886 1852 920 perve-

313 939 346 962 se
370 929 569 969 adiuvarent,
586 940 624 962 ex
644 940 709 973 quo
728 930 825 963 totius
845 930 990 974 corporis
1010 941 1061 963 sa·
1102 931 1210 964 niant:
1246 937 1277 964 et
1311 936 1346 963 ut
1375 929 1501 963 facilius
1531 929 1734 972 celeriusque
1754 939 1852 972 expe-

313 981 362 1014 lus
382 987 413 1015 et
433 982 628 1015 conservatio
649 983 809 1016 existeret.
1103 985 1245 1024 diantur,
1267 983 1434 1016 distinctos
1451 982 1663 1015 cardinalium
1675 987 1851 1015 conventus

356 1035 371 1078 g
391 1035 422 1068 1.
444 1035 548 1075 Quare
568 1036 638 1070 iure
658 1037 780 1081 optimo
796 1036 961 1069 Romanus
976 1036 1060 1069 Pon·
1103 1045 1133 1071 et
1153 1036 1418 1081 congregationes
1437 1036 1477 1069 ad
1498 1041 1601 1068 certas
1619 1045 1728 1068 rerum
1749 1045 1850 1078 nego-

116 1097 221 1136 ‚cqnsqe
235 1096 298 1134 tiniu-
311 1088 398 1129 tifex,
431 1100 527 1132 quem
553 1089 699 1124 Christus
730 1090 886 1123 Dominus
915 1089 1061 1133 corporis
1103 1092 1293 1134 ciorumque
1312 1090 1518 1122 tractationes
1541 1094 1668 1132 paratas
1695 1088 1848 1128 habeant,

114 1131 261 1154 ¹²⁸‘¹²'⁰¹⁰⁰¹⁵'
1102 1144 1345 1187 cardinalesque
1365 1143 1426 1187 ipsi
1446 1141 1609 1175 distributi
1625 1142 1768 1174 muneris
1777 1151 1853 1185 par·
1888 1135 1892 1138 ⁴

1100 1203 1166 1230 tem
1201 1197 1301 1230 levius
1337 1196 1450 1235 ferant,
1486 1194 1673 1238 diligentius
1709 1194 1846 1227 adminis

1102 1257 1215 1290 sti-ent,
1238 1248 1441 1282 commodius
1461 1258 1519 1280 nos
1539 1247 1719 1287 consulant,
1742 1252 1773 1280 et
1791 1246 1848 1280 de-

1101 1305 1201 1347 nique
1221 1303 1279 1336 riri
1304 1302 1450 1346 primarii
1477 1301 1615 1345 publicis
1639 1301 1672 1333 in
1695 1300 1793 1334 rebus
1812 1310 1847 1333 e-

1101 1358 1244 1391 xercitati
1266 1357 1355 1390 nullo
1373 1366 1527 1399 umquam
1554 1360 1702 1397 tempore
1729 1353 1846 1387 desint.

1101 1412 1211 1454 Itaque
1232 1416 1322 1444 motu
1341 1409 1475 1453 proprio
1495 1415 1526 1441 et
1544 1418 1582 1441 ex
1602 1412 1688 1441 certa
1698 1406 1846 1448 scientia,

1101 1476 1138 1498 ac
1178 1465 1217 1498 de
1261 1463 1450 1497 eorumdem
1486 1463 1622 1495 fratrum
1661 1466 1849 1494 nostrorum

1101 1518 1133 1552 S.
1156 1518 1192 1551 R.
1213 1518 1247 1551 E.
1277 1516 1488 1550 cardinalium
1505 1515 1639 1548 consilio
1659 1519 1691 1548 et
1704 1524 1847 1554 assensu,

1101 1583 1138 1605 cx
1157 1571 1270 1604 eodem
1303 1580 1394 1603 sacro
1426 1569 1575 1611 collegio,
1607 1567 1694 1612 quod
1714 1577 1773 1611 per
1790 1565 1862 1599 Dei-

311 1142 372 1182 sui‚
388 1143 476 1186 quod
496 1148 543 1176 est
562 1143 714 1183 Ecclesia,
734 1143 858 1176 visibile
875 1148 972 1187 caput
984 1154 1060 1176 con—

310 1195 423 1236 stituit,
446 1196 657 1240 omniumque
677 1196 888 1230 ecclesiarum
906 1196 1059 1230 sollicitu-

310 1248 418 1282 dinem
437 1260 550 1293 gerere
569 1250 681 1290 voluit,
704 1251 821 1283 multos
837 1249 895 1282 sibi
917 1255 980 1283 tam
1001 1250 1061 1282 irn-

310 1304 413 1336 mensi
433 1303 540 1337 oneris
561 1304 723 1337 adiutores
748 1304 881 1337 advocat
899 1310 994 1347 atque
1005 1304 1060 1337 ad-

309 1356 426 1397 sciscit,
451 1367 525 1390 cum
545 1357 743 1390 venerabiles
760 1357 928 1401 episcopos
944 1357 1060 1391 fratres

309 1420 396 1450 suos,
424 1420 505 1453 quos
528 1416 596 1443 toto
624 1415 784 1443 terrarum
816 1410 894 1443 orbe
927 1410 966 1443 ad
995 1410 1060 1443 sin-

308 1463 402 1505 gulos
425 1473 538 1506 greges
559 1464 737 1507 pascendos
757 1464 867 1504 mittit,
894 1469 960 1496 tum
990 1474 1059 1496 arn-

309 1515 490 1559 plissimum
510 1516 656 1549 ordinem
678 1516 709 1550 S.
724 1517 759 1549 R.
776 1517 811 1549 E.
828 1517 1057 1550 cardinalium,

309 1568 362 1611 qui
383 1574 546 1612 tamquam
566 1569 767 1602 nobilissima
791 1569 936 1603 membra
960 1570 1056 1613 capiti

309 1622 443 1665 propius
462 1622 679 1659 cohaerentia,
702 1623 807 1656 eidem
827 1633 955 1656 summo
972 1623 1058 1656 Pon·
1100 1626 1235 1668 gratiam
1254 1624 1328 1656 viris
1348 1623 1477 1666 pietate,
1499 1621 1646 1655 doctrina
1671 1629 1847 1663 rerumque

309 1675 401 1715 tisici,
423 1675 505 1708 sic-ut
519 1675 644 1709 Christo
664 1676 800 1709 Domino
811 1676 959 1720 apostoli,
978 1687 1059 1710 sem-
1099 1690 1160 1712 usu
1176 1677 1412 1722 praestantibus
1429 1688 1466 1710 ex
1485 1676 1573 1709 omni
1592 1674 1723 1708 natione
1741 1675 1846 1707 abun-

310 1739 369 1772 per
387 1728 550 1769 assistunt,
577 1729 698 1773 quique
730 1729 826 1773 primi
858 1729 1007 1763 laborum
1028 1735 1058 1763 et
1100 1733 1165 1772 dat,
1188 1731 1452 1774 congregationes
1471 1729 1655 1774 quindecim
1675 1726 1846 1761 constitui-

311 1782 522 1815 consiliorum
549 1783 627 1816 socii
656 1788 731 1816 sunt
759 1789 789 1816 et
817 1783 1003 1827 participes,
1025 1788 1059 1816 ut
1100 1796 1184 1822 nius,
1214 1785 1413 1827 singulisque
1437 1789 1524 1817 certa
1549 1781 1684 1825 negocia
1706 1780 1848 1823 assigna-

311 1835 426 1877 partita
446 1835 593 1869 intereos
605 1836 748 1879 aliosque
765 1834 927 1869 Romanae
942 1836 1058 1870 Curiae
1098 1839 1201 1871 vimus
1215 1864 1223 1877 ‚
1256 1838 1298 1870 ita
1326 1843 1362 1870 ut
1389 1837 1551 1879 graviores
1584 1833 1846 1877 difficilioresque

310 1888 514 1931 magistratus
528 1889 650 1932 ingenti
667 1900 819 1922 curarum
834 1889 1059 1932 negociorum·
1100 1891 1352 1925 consultationes
1384 1890 1421 1923 ad
1454 1900 1513 1923 nos
1537 1889 1693 1928 rel'erant3
1714 1897 1751 1920 ac
1769 1886 1846 1919 uni-

310 1951 373 1984 que
393 1942 490 1977 mole‚
516 1936 708 1985 ipse'tantae
736 1942 901 1985 potestatis
932 1942 1058 1975 clavum
1100 1945 1215 1988 cuique
1239 1955 1351 1978 carum
1371 1954 1444 1976 suas
1463 1943 1630 1976 facultates
1652 1947 1683 1974 et
1702 1938 1845 1974 auctori-

310 1999 434 2034 tenens,
456 1995 562 2028 divina
582 1995 684 2038 gratia
703 1995 874 2036 adiutrice,
897 2005 963 2028 non
983 2006 1058 2028 suc·
1099 2005 1195 2032 tatem
1216 1998 1248 2031 in
1269 2008 1343 2031 eum
1364 1997 1509 2033 modum,
1532 1997 1588 2039 qui
1604 1995 1688 2028 infra
1703 1993 1845 2036 descrip-

311 2048 454 2080 Cumbat.
1099 2058 1151 2085 tus
1171 2057 1228 2091 est,
1250 2051 1397 2084 dedimus
1415 2056 1513 2093 atque
1536 2048 1755 2082 attribuimus.

354 2101 369 2144 g
389 2101 420 2134 ⁶2.
442 2101 504 2135 Nos
524 2101 633 2145 igitur,
656 2101 763 2145 magni
792 2101 880 2134 illius
904 2101 1000 2145 Moysi
1027 2112 1059 2135 e—

131 2154 437 2202 bruinumque-xtemplo
473 2155 616 2196 adducti,
649 2155 705 2199 qui
739 2165 813 2188 cum
837 2154 902 2187 Deo
922 2155 1059 2198 loquens

118 2198 300 2257 ἓξξῗῖζζυᾞξζζζ
311 2208 413 2240 soceri
438 2208 487 2240 sui
507 2208 612 2242 Ietlu'o
641 2208 813 2242 consilium
834 2208 873 2241 de
892 2208 988 2242 variis
1007 2207 1059 2241 iu-

118 2259 139 2279 ¹⁰
156 2259 212 2280 ¹⁰²¹·
312 2261 437 2294 dicibus
456 2262 689 2295 constituendis
706 2273 770 2295 non
785 2261 977 2305 repudiavit,
990 2261 1059 2305 qui·
1142 2267 1182 2310 §1
1203 2267 1236 2299 ln
1250 2265 1363 2310 primis
1375 2265 1486 2308 igitur,
1498 2263 1652 2307 quoniam
1672 2262 1763 2301 fides,
1776 2260 1844 2294 sine

311 2324 374 2371 qil&
393 2314 448 2347 Del
468 2325 557 2372 ulssu
581 2325 742 2373 lmignem.
763 2320 909 2372 &inmuni
930 2320 1058 2358 septua-
1137 2349 1146 2374 1
1170 2347 1223 2374 Ista
1251 2345 1429 2380 congregatio
1450 2343 1555 2371 iamdiu
1584 2342 1688 2370 istituta
1713 2340 1776 2375 fuit,
1805 2340 1846 2368 ci-

311 2373 400 2408 gmla
433 2377 597 2421 semol‘um
619 2373 821 2421 90¹¹S⁰¹³¹p⁵¹t²
848 2378 904 2411 qm
925 2377 999 2421 (ΜΨ
1020 2377 1058 2400 ΕΟ
1099 2399 1155 2426 que
1171 2390 1293 2425 aniplam
1313 2389 1508 2417 auctoritatem
1528 2387 1605 2415 dedit
1619 2386 1724 2414 Paulus
1737 2385 1788 2418 Ill,
1813 2387 1845 2412 ut

311 2424 394 2448 onus
423 2416 537 2460 populi
562 2422 767 2456 sustinerent,
802 2426 843 2449 ne
871 2415 960 2449 solus
990 2426 1057 2460 lpse
1099 2437 1128 2464 in
1144 2435 1206 2463 eius
1221 2438 1310 2462 const.
1327 2440 1406 2466 xm,
1423 2434 1492 2460 Licet
1508 2432 1552 2467 ab,
1566 2436 1632 2459 mm,
1646 2437 1686 2464 w,
1706 2429 1843 2464 pagata:

312 2469 509 2505 gravarem&
530 2465 731 2508 POfflifiClffln
755 2465 817 2498 hoc
837 2475 932 2505 unus,
961 2474 1059 2507 ange·
1101 2488 1132 2508 ac
1143 2477 1211 2508 Pius
1229 2479 1262 2506 lv
1279 2482 1368 2506 const.
1382 2484 1469 2511 xcvii,
1482 2477 1550 2504 Cum
1571 2483 1618 2503 nos
1629 2483 1691 2509 per.
1707 2480 1774 2502 tom,
1793 2479 1842 2505 vn,

314 2511 382 2544 llCiS
402 2512 495 2554 Plane
525 2513 670 2546 humeris
694 2513 947 2553 s01'fflldssssdfflll,
975 2513 1060 2545 iF-[ssl'
1101 2523 1362 2559 11ag.2983ac1³itis
1375 2522 1408 2556 V,
1429 2525 1519 2550 const.
1534 2528 1552 2555 1,
1565 2516 1842 2552 Sanctissa’nmsfiffld,

314 2567 476 2593 senatores
495 2561 582 2594 orbis
599 2568 701 2594 terrae
719 2561 832 2594 fratres
847 2567 974 2594 nostros
991 2571 1059 2594 car·
1100 2574 1161 2604 pag.
1174 2569 1235 2601 422,
1248 2572 1274 2596 et
1294 2568 1437 2595 constitut.
1454 2563 1798 2599 xxxin,1u2¹er,pag.wu,
1814 2562 1843 2587 οι

315 2608 446 2649 diuales,
466 2615 538 2651 apta
567 2610 705 2652 quadam
734 2609 973 2650 distributione,
1000 2619 1059 2652 pro
1100 2617 1189 2641 const.
1208 2614 1308 2640 Cum...
1324 2612 1420 2648 seticis,
1441 2617 1503 2646 pag.
1520 2610 1582 2637 464.

1197 2136 1409 2180 Coieqreqatz'o
1430 2136 1540 2179 prima
1558 2143 1617 2178 pro
1636 2138 1749 2166 sancta

1340 2189 1555 2233 Inquzls‘itionc
1575 2188 1600 2219 ³.
