2059 3228
132 202 186 230 An.
203 201 232 231 C.
250 203 316 232 158t

142 857 266 879 Annuttauo
277 863 309 879 re-

129 890 270 915 sis-nationum
292 893 314 911 et

129 920 258 947 cessionum,
270 927 312 942 non

129 950 248 973 observatis
262 959 314 980 prai-

130 982 201 1004 dictis.

375 191 438 226 436

924 198 1105 223 BULLARIUM
1125 197 1277 222 Rom-Nutu

330 254 550 291 admittentur,
587 251 683 285 etiam
709 261 782 285 cum
808 252 1080 286 reservationibus
1121 256 1152 283 et
1172 250 1401 293 cognominum
1428 251 1618 291 resignantis
1637 260 1692 283 seu
1727 250 1870 284 cedentis

328 307 480 347 nominis,
507 306 605 345 tituli,
633 305 931 347 administrationis,
952 316 1078 350 posses·
1122 308 1151 337 et
1162 304 1297 347 gratiam
1310 304 1468 341 habentis,
1487 303 1670 346 dispositive
1685 310 1716 337 et
1731 302 1871 337 1condi-

328 360 438 401 sionis,
463 360 640 399 fructuum,
658 359 754 392 etiam
780 359 938 399 omnium,
965 371 1002 393 ae
1027 369 1077 392 re-

329 424 403 446 rum
419 413 579 446 etiurium
601 423 897 457 quorumcumque.
919 413 966 446 Ad
984 423 1078 457 prae-

328 466 490 500 dictorum
510 471 619 500 tamen
647 467 903 500 observationem
935 478 1021 507 eum,
1046 467 1078 499 in

328 530 426 564 quem
467 520 548 553 iuris
585 521 621 553 fit
651 520 752 554 cessio
787 520 950 561 beneficii,
977 521 1075 565 quod,

327 578 474 616 tempore
500 573 655 607 cessionis
683 573 870 607 huiusmodi
898 579 929 607 et
949 579 1023 607 ante
1042 573 1080 606 il-

327 625 403 666 lam,
419 626 528 669 vigore
543 626 725 660 litterarum
754 627 1020 671 apostolicarum,
1044 632 1077 660 ut

327 689 438 722 supra,
461 680 487 712 si
507 680 547 713 ad
571 680 602 713 id
620 680 802 718 tenebatur,
826 680 1077 724 publicatarum,

328 732 459 766 realiter
480 733 676 776 possidebat,
706 734 860 767 nolumus
884 734 1033 776 obligari.

371 786 386 829 ἕ
406 785 438 819 5.
465 786 556 826 Quod
580 787 606 820 si
630 787 804 831 quicquam
840 787 1080 831 praedictorum

328 839 474 872 omnium
495 841 651 874 omissum
671 841 780 881 suerit,
803 841 897 874 dictis
921 840 1079 881 terminis,

329 898 364 926 ut
383 893 502 937 cuique
514 895 705 938 praescripti
721 900 807 930 sunt,
824 894 950 938 elapsis,
969 905 1082 927 omnes

330 947 559 990 dispositiones
579 954 609 981 et
628 948 748 991 gratiae
780 948 1016 991 resignatorum
1051 953 1083 980 et

331 1010 497 1034 cessoruin
526 1000 759 1034 beneficiorum
788 1006 842 1033 aut
874 1001 993 1034 jurium
1023 1001 1083 1033 liu-

330 1053 482 1093 iusmodi,
504 1065 576 1087 cum
599 1054 750 1087 omnibus
770 1054 845 1086 inde
866 1054 996 1094 secutis,
1019 1055 1082 1087 sive

330 1108 371 1141 de
390 1107 534 1152 pacificis
555 1109 621 1141 sire
645 1108 684 1141 de
704 1108 862 1151 litigiosis,
886 1108 948 1141 sint
973 1108 1082 1141 irritae

331 1166 360 1194 et
382 1160 495 1193 inanes
529 1161 684 1204 nullaque
704 1161 766 1194 alia
785 1161 888 1203 gratia
907 1171 1005 1205 super
1024 1162 1083 1194 liu-

330 1213 470 1246 iusmodi
490 1214 652 1247 beneficio
666 1214 731 1248 sive
752 1214 822 1247 iure
844 1225 932 1247 cesso
952 1215 1001 1255 iis,
1013 1214 1083 1258 qui-

330 1267 391 1299 bus
412 1277 564 1300 concessa
585 1268 692 1309 suerit,
720 1268 926 1309 suffragetur,
947 1269 1000 1301 sed
1022 1269 1081 1312 ipsi

330 1320 409 1352 tales
429 1319 588 1354 inhabiles
613 1327 643 1354 et
668 1321 838 1364 incapaces
868 1320 930 1354 sint
957 1322 996 1353 ad
1021 1321 1082 1354 hu-

329 1372 470 1406 iusmodi
499 1374 657 1407 beneficia
685 1374 729 1407 sic
761 1374 922 1417 resignata
942 1380 972 1407 ct
996 1385 1083 1408 cessa

330 1427 605 1471 quandocumque
642 1428 828 1468 obtinenda,
868 1427 987 1471 illaque
1019 1428 1082 1461 sive

330 1480 412 1520 iura,
433 1480 473 1513 ab
493 1480 563 1524 ipsa
595 1481 702 1514 statim
736 1483 842 1525 prima
866 1481 1082 1524 resignatione

329 1544 388 1567 seu
408 1534 564 1574 cessione,
581 1534 705 1567 etiamsi
728 1535 800 1567 illae
822 1534 898 1568 alias
918 1536 1026 1568 nullae
1053 1542 1083 1569 et

330 1586 489 1620 invalidae
510 1593 627 1628 essent,
650 1588 809 1621 vacavisse
830 1593 861 1620 et
880 1598 992 1621 vacare
1007 1599 1083 1621 cen-

330 1645 463 1673 seantur
482 1651 520 1673 eo
546 1640 632 1684 ipso;
670 1651 729 1674 nec
760 1640 996 1684 resignantibus
1026 1651 1083 1675 seu

331 1693 533 1734 cedentibus,
560 1694 585 1727 si
616 1700 727 1737 postea
747 1694 780 1726 in
800 1705 857 1728 sua
881 1695 1084 1738 possessione

331 1753 524 1788 remanent,
562 1747 809 1780 constitutiones
843 1748 882 1780 de
916 1748 1023 1781 annali
1053 1755 1084 1782 et

330 1801 481 1834 triennali
503 1811 697 1845 possessore,
714 1811 773 1834 nec
790 1807 1016 1845 praesumptae
1029 1808 1085 1836 aut

330 1854 446 1887 tacitae
466 1855 731 1895 retrocessioncs‚
754 1855 849 1887 etiam
867 1860 1001 1899 propter
1014 1856 1085 1889 diu-

331 1915 462 1941 turnam
492 1908 699 1941 continuatae
730 1908 941 1951 possessionis
973 1909 1085 1943 huius-

332 1961 419 1994 modi
441 1961 659 2003 tolerantiam,
682 1972 742 1994 nec
763 1962 895 1994 omnino
926 1962 1014 1995 aliud
1036 1963 1085 1996 ius

331 2016 380 2048 rel
401 2014 596 2048 beneficium
618 2015 685 2047 ullo
709 2020 855 2058 tempore
876 2015 1082 2059 suffragetur,

332 2069 388 2101 sed
415 2069 483 2112 ipsa
502 2068 660 2101 beneficia
681 2068 745 2101 sive
759 2068 841 2107 iura,
859 2068 904 2101 sic
924 2079 940 2101 a
963 2069 1084 2112 princi-

333 2122 387 2166 pio
408 2121 564 2162 vacantia,
584 2132 602 2154 a
622 2121 703 2155 Sede
724 2121 908 2164 Apostoliea
920 2123 1086 2165 praedit-ta

335 2175 501 2208 dumtaxat
521 2174 688 2218 impetrari
699 2175 825 2208 valeant
840 2186 877 2207 ac
893 2175 1038 2208 concedi.
1049 2176 1086 2208 11-

334 2228 441 2261 lorum
462 2239 538 2262 vero
558 2229 802 2272 impetrationes
818 2229 866 2261 vel
885 2228 980 2261 etiam
998 2235 1086 2262 motu

335 2282 470 2326 proprio
495 2282 734 2322 eoncessiones,
754 2282 1016 2325 quibuscumque
1033 2283 1088 2316 de-

337 2326 728 2377 rogationibussuffiiltae,
740 2346 917 2379 numquam
930 2336 990 2368 sub
1001 2335 1087 2369 clau-

337 2389 415 2422 sulis
435 2390 640 2432 generalibus
668 2395 722 2423 :tut
748 2388 952 2422 vacationum
984 2389 1088 2422 modis

338 2437 610 2471 conditionalibus
632 2439 679 2471 vel
698 2437 862 2481 implicitis
878 2437 1089 2481 comprehen-

338 2485 465 2525 dantur,
494 2487 549 2519 sed
581 2487 763 2530 specialiter
795 2493 826 2519 et
861 2497 1018 2530 express-e,
1047 2486 1088 2518 ob

339 2544 404 2566 non
442 2541 598 2567 servatam
633 2536 812 2580 praesentis
850 2535 1088 2569 constitutionis

339 2583 486 2624 sormam,
508 2594 543 2617 ue
575 2595 646 2617 cum
668 2585 887 2618 declaratione
920 2584 1087 2618 nominum

1123 357 1286 390 tionaliter
1306 357 1376 391 fieri
1406 357 1538 390 omnino
1567 357 1721 398 debeant;
1743 362 1771 391 et
1797 357 1870 401 qui-

1123 422 1262 454 cumque
1280 410 1325 444 sic
1341 410 1528 455 impetrans,
1541 410 1752 453 attigi-attam,
1774 410 1870 444 etiam

1122 470 1211 497 motu
1236 463 1344 504 simili,
1364 465 1495 503 liabens,
1517 464 1724 507 praefinitum
1752 463 1871 508 culque

1122 517 1209 550 casui
1231 522 1357 561 tempus
1378 517 1578 561 praedictum
1599 528 1616 550 a
1637 517 1711 550 data
1740 527 1872 551 conces·

1121 571 1220 603 sionis
1250 571 1370 613 gratiae
1395 571 1456 604 sibi
1482 571 1584 604 factae
1617 570 1805 604 huiusmodi
1834 581 1872 604 ac

1122 625 1242 666 omnia,
1269 636 1351 668 quae
1373 625 1489 658 cadens
1509 635 1527 658 a
1548 625 1618 658 iure
1639 624 1804 668 praedicto
1814 624 1870 658 de-

1121 678 1229 718 bebat,
1252 685 1415 721 praestare
1440 684 1600 719 teneatur,
1623 683 1654 711 et
1673 678 1699 711 si
1723 677 1872 722 pluribus

1122 732 1255 775 gratiam
1277 732 1463 765 huiusmodi
1502 733 1572 765 sieri
1608 731 1792 775 contigerit,
1830 731 1870 773 iS‚

1122 796 1199 829 prae
1220 785 1381 826 omnibus,
1402 785 1544 819 obtineat
1570 785 1626 830 qui
1659 785 1785 830 primus
1814 796 1872 830 pu-

1122 838 1329 872 blicationem
1350 850 1427 872 suae
1447 839 1683 883 impetrationis
1699 837 1821 880 fecerit,
1841 844 1872 872 et

1122 891 1356 936 possessionem
1377 893 1513 936 adeptus
1532 892 1630 926 suerit
1648 897 1705 926 aut
1729 893 1870 937 petierit,

1123 946 1296 989 omniaque
1316 947 1471 990 requisita
1491 946 1656 990 praedicta
1675 946 1870 991 adimpleve-

1123 1000 1176 1039 rit,
1211 1000 1358 1043 quamvis
1382 1000 1415 1033 in
1445 1000 1516 1033 data
1549 1000 1589 1032 sit
1620 1006 1815 1043 postremus,
1841 1005 1872 1033 et

1123 1053 1281 1096 possessio
1301 1053 1340 1086 ab
1360 1053 1423 1086 alio
1444 1053 1476 1086 in
1495 1053 1693 1097 publicando
1709 1053 1873 1097 negligen-

1124 1106 1204 1139 tiore
1224 1106 1314 1150 prius
1334 1106 1534 1151 apprehensa
1561 1106 1657 1139 suerit
1684 1106 1733 1140 vel
1759 1106 1869 1151 petita.

1124 1160 1407 1193 Reservationibus
1449 1160 1599 1194 omnibus
1631 1160 1785 1201 nominis,
1817 1160 1873 1194 ad-

1124 1213 1379 1255 ministrationis,
1401 1214 1579 1254 sructuum‚
1606 1214 1704 1247 etiam
1714 1213 1872 1254 omnium,

1124 1278 1160 1299 ac
1180 1266 1373 1311 pensionum
1395 1272 1425 1301 et
1435 1267 1573 1321 aliarum
1589 1278 1699 1301 rerum
1718 1278 1874 1312 quarum-

1124 1331 1277 1364 cumque,
1299 1331 1426 1353 necnon
1447 1321 1663 1361 facultatibus,
1689 1321 1822 1355 indultis
1841 1321 1874 1356 et

1124 1374 1196 1406 aliis
1217 1374 1493 1415 concessionibus,
1516 1380 1580 1407 tam
1605 1375 1683 1418 ipsis
1706 1374 1873 1419 resignan-

1124 1427 1210 1459 tibus
1233 1438 1289 1460 seu
1310 1427 1509 1468 cedentibus,
1529 1428 1585 1471 qui
1606 1433 1713 1462 tamen
1747 1439 1873 1473 posses-

1124 1480 1247 1514 sionem
1259 1481 1299 1514 ab
1314 1480 1407 1514 initio
1427 1491 1462 1514 re
1481 1481 1551 1525 ipsa
1570 1481 1762 1523 dimiserint,
1775 1493 1874 1527 quam

1125 1530 1195 1563 aliis
1220 1541 1256 1564 ex
1294 1530 1481 1564 huiusmodi
1513 1530 1783 1574 resignationibus
1817 1542 1874 1565 seu

1124 1578 1388 1612 concessionibus
1413 1590 1430 1612 a
1455 1579 1538 1613 Sede
1570 1580 1874 1624 Apostolicasact13‚

1125 1628 1338 1662 nihilominus
1357 1628 1471 1662 validis
1491 1629 1690 1673 plenumque
1722 1629 1873 1664 effectum

1125 1683 1298 1710 sortituris.

1171 1727 1185 1769 ξ
1206 1726 1236 1759 6.
1260 1726 1334 1767 Sed,
1354 1738 1393 1759 ne
1410 1727 1442 1760 in
1457 1727 1622 1761 beneficiis
1637 1738 1736 1772 super
1750 1738 1874 1772 posses-

1125 1775 1213 1808 sione
1239 1776 1287 1809 vel
1312 1776 1510 1820 proprietate
1545 1776 1692 1819 litigiosis
1720 1776 1784 1810 litis
1803 1781 1974 1823 pro-rrocedi
2015 1781 2017 1783 '

1126 1824 1250 1857 secutio
1284 1825 1409 1858 turbari
1446 1826 1549 1858 valeat
1577 1826 1626 1859 vel
1665 1825 1802 1867 differri,
1842 1827 1874 1861 in

1126 1874 1230 1906 causis
1249 1873 1436 1907 huiusmodi
1453 1880 1563 1907 contra
1585 1875 1753 1908 cedentem
1773 1875 1814 1909 ad
1829 1876 1864 1909 ul

1128 1923 1258 1964 teriora,
1285 1924 1381 1956 etiam
1405 1924 1445 1956 ad
1465 1923 1654 1957 sententiam
1680 1924 1875 1958 definitivam

1126 1978 1156 2004 ct
1180 1982 1248 2004 rem
1271 1972 1444 2005 iudicatam
1469 1983 1507 2006 ac
1526 1973 1615 2006 illius
1637 1973 1873 2014 executionem,

1126 2031 1294 2064 quousque
1315 2021 1380 2061 ille,
1392 2021 1446 2065 qui
1458 2021 1593 2065 gratiam
1606 2032 1642 2054 ex
1659 2021 1876 2065 resignatione

1127 2080 1181 2101 seu
1203 2070 1346 2103 cessione
1366 2075 1420 2103 aut
1441 2081 1477 2103 ex
1494 2070 1611 2103 omissa
1631 2070 1734 2104 forma
1767 2071 1875 2115 publi-

1127 2118 1265 2152 cationis
1284 2119 1472 2152 huiusmodi
1492 2119 1644 2159 obtinuit,
1666 2119 1706 2152 ad
1729 2130 1874 2161 causam,

1129 2179 1186 2212 pei·
1210 2179 1242 2201 se
1262 2169 1309 2201 vel
1331 2174 1575 2212 procuratorem
1596 2169 1790 2211 legitimum,
1824 2180 1876 2203 ac-

1128 2217 1270 2257 cesserit,
1293 2217 1447 2261 litemque
1468 2218 1654 2251 huiusmodi
1683 2218 1874 2263 susce-perit,

1129 2266 1360 2299 eodemmodo
1390 2273 1418 2299 e!
1454 2267 1567 2300 ordine
1603 2267 1733 2310 procedi
1761 2267 1874 2311 possit,

1129 2327 1193 2359 quo
1214 2316 1370 2359 potuisset
1390 2316 1544 2359 legitime,
1579 2317 1604 2349 si
1638 2316 1740 2349 cessio
1764 2317 1877 2350 huius-

1131 2365 1217 2397 modi
1242 2367 1322 2398 t'acta
1342 2375 1406 2397 non
1428 2365 1555 2404 fuissem
1578 2375 1615 2398 ac
1635 2365 1792 2409 quicquid
1826 2365 1875 2398 in-

1131 2413 1224 2446 terim
1249 2414 1295 2446 sic
1315 2414 1520 2457 procedendo
1536 2413 1702 2447 decretum
1722 2418 1753 2447 et
1781 2424 1875 2458 expe-

1130 2462 1233 2495 ditum
1256 2463 1363 2503 suerit,
1387 2462 1451 2496 sire
1471 2473 1545 2495 cum
1567 2462 1700 2495 sedente
1720 2461 1784 2495 sive
1803 2472 1877 2495 con—

1131 2518 1178 2544 tra
1198 2522 1284 2552 cum,
1308 2513 1403 2544 etiam
1424 2517 1593 2556 postquam
1614 2512 1682 2556 ipse
1705 2511 1753 2544 vel
1773 2511 1878 2554 quiws

1170 2594 1177 2619 t
1202 2591 1325 2621 Cherub.
1347 2591 1413 2628 legit
1426 2595 1450 2620 ει
1466 2599 1521 2620 >non
1535 2591 1752 2619 conditionaliter
1765 2592 1804 2626 (n.
1825 2591 1874 2623 r).

1937 0 2018 164 ἲ

1882 197 1935 226 iu.
1951 164 2009 228 asti

1999 1595 2014 1606 vt

2008 1617 2018 1634 ὅ

2007 1702 2013 1715 ἱ

1887 1747 2022 1779 mutar-iton

1886 1813 1907 1834 in
1917 1817 1982 1834 causa

1886 1845 1903 1865 si
1925 1845 2014 1871 contu,

1885 1876 1979 1900 dentem,
1996 1873 2022 1905 ulo

1886 1911 1999 1928 successor
2020 1920 2025 1923 -

1889 1939 1912 1958 cit
1927 1938 1952 1959 :td
1976 1933 2024 1966 τῲ
