2059 3228
322 202 364 236 94

278 263 435 303 tionibus,
476 261 745 305 prohibitionibus
778 266 810 295 et
845 263 1016 304 oneribus,

277 327 376 359 eaque
403 315 440 348 ad
461 316 555 354 bona,
578 315 609 347 in
642 326 724 359 quae
759 315 845 348 illius
877 317 1017 360 pretium

278 379 464 401 ronrersum
485 373 542 405 ost,
565 367 626 399 sint
656 369 817 401 translata.
840 369 877 401 Et
905 369 1017 402 exinde

275 421 358 453 bona
378 421 444 463 ipsa
471 420 571 452 dietae
590 421 734 454 venditae
755 421 801 454 rei
820 421 891 454 loco
912 432 1017 454 reina-

275 480 379 511 neant,
391 473 575 517 eisdemque
589 484 722 517 prorsus
741 475 1015 518 dispositionibus,

274 526 544 569 prohibitionibus
576 532 607 560 et
640 527 792 560 oneribus
817 528 1014 568 subiaceant,

272 579 389 621 quibus
426 578 480 612 illa
508 579 703 620 subiacebat,
737 580 863 623 sintque
896 581 1015 613 nihilo-

273 632 379 663 minus
398 632 437 664 de
457 632 612 666 evictione
625 632 712 666 illius
723 633 858 676 emptori
876 633 1015 676 obligata

271 693 309 717 eo
329 685 410 727 ipso.

314 736 329 779 ἓ
348 736 401 770 18.
424 737 478 771 Sin
503 743 610 771 autem
631 749 681 772 res
700 739 826 771 vendita
846 750 950 781 neque
963 750 1016 772 ec-

86 789 445 823 Etprovodanmclesiastica
465 796 533 823 erat
566 802 670 835 neque
700 792 856 825 eiusmodi
880 792 1016 825 vinculis

75 826 255 882 Eilfss'ssolss'siss‘t'
270 841 407 875 obnoxia
425 844 613 884 habebatur,
635 850 664 877 et
685 845 740 888 qni
768 844 835 877 eius
864 844 1014 880 dominns

75 888 255 944 ᾗζζζζῖᾈζθροζξίξζῖ
269 894 373 928 suerat
419 897 592 929 venditioni
627 897 669 930 ita
704 898 804 930 sactae
834 898 1014 930 consentire

74 954 122 969 ⁰⁰¹³
268 948 358 988 velit,
379 960 416 982 ac
436 949 639 983 fideiussores
677 951 715 982 de
735 950 891 983 evictione
921 961 1014 993 prae-

268 1007 363 1042 stare,
386 1003 525 1046 pretium
547 1003 591 1035 illi
611 1004 760 1035 solvatur.
794 1003 882 1041 Quod
907 1003 932 1035 si
953 1003 1013 1035 liu-

267 1055 405 1088 iusmodi
442 1056 646 1089 fideiussores
680 1061 841 1099 praestare
875 1056 1015 1089 noluerit

267 1108 315 1140 vel
339 1108 434 1140 etiam
454 1119 518 1141 non
539 1109 692 1151 potuerit,
715 1114 863 1141 emantur
882 1119 919 1141 ex
944 1108 1013 1152 ipso

266 1161 390 1204 pretio,
425 1161 561 1194 arbitrio
582 1162 768 1194 eorumdem
791 1161 959 1194 camerarii
984 1166 1014 1194 et

267 1215 506 1257 magistrorum,
534 1216 580 1248 vel
600 1216 669 1248 loca
699 1215 856 1248 montium
877 1226 941 1248 non
962 1226 1013 1248 va—

267 1268 436 1309 cabilium,
458 1269 505 1300 vel
538 1269 600 1301 alia
633 1269 716 1301 bona
750 1268 939 1308 immobilia,
975 1269 1014 1301 de

267 1332 406 1364 qnorum
436 1322 591 1355 evictione
620 1322 742 1355 idoneis
771 1321 1014 1354 fideiussoribus

267 1374 306 1407 sit
326 1381 469 1414 cautum,
491 1385 592 1418 eaque
625 1375 710 1407 dicto
744 1374 874 1407 domino
901 1374 1015 1407 tradita

266 1428 330 1460 sint
348 1428 419 1461 loco
437 1428 549 1461 similis
568 1428 725 1461 cautionis
746 1438 803 1471 pro
823 1438 856 1460 re
875 1427 1013 1466 vendita,

267 1481 369 1514 donec
392 1481 483 1514 aliter
503 1481 640 1525 emptori
662 1481 775 1514 idonee
795 1486 962 1521 caveatur3
985 1485 1016 1513 et

266 1533 396 1567 interim
428 1534 523 1567 vendi
553 1540 608 1567 aut
641 1533 717 1567 alias
755 1534 887 1566 alienari
925 1534 1015 1566 nullo

267 1587 363 1620 modo
382 1587 515 1631 possint.
537 1588 654 1620 Verum
674 1598 842 1631 usquequo
864 1587 1015 1631 pretium,

267 1642 315 1673 vel
337 1652 373 1674 ex
397 1641 500 1684 pretio
530 1641 591 1674 alia
610 1651 661 1674 res
681 1646 800 1684 empta,
820 1645 855 1673 ut
874 1640 1015 1683 praeser-

265 1698 329 1735 tur,
367 1693 498 1727 domino
517 1694 675 1734 tradatur,
708 1694 841 1737 pensio,
868 1704 950 1737 quac
979 1704 1016 1726 cx

267 1747 367 1790 ipsius
387 1747 433 1780 rei
455 1747 601 1780 venditae
625 1747 784 1780 locatione
816 1746 939 1789 percipi
965 1757 1015 1779 so-

267 1800 353 1833 lebat
370 1800 419 1832 vel
441 1800 563 1844 percipi
592 1799 808 1832 verisimiliter
840 1800 1012 1842 potuisset,

268 1853 371 1885 eidem
393 1853 431 1885 ab
452 1858 597 1896 emptore
618 1852 829 1896 persolvatur.

312 1906 327 1949 ξ
358 1906 407 1939 19.
437 1905 556 1939 Curent
575 1906 670 1938 etiam
691 1905 887 1938 camerarius
906 1911 937 1938 et
952 1916 1017 1938 ma-

99 1970 196 1993 Famulus
216 1977 252 1992 20-
268 1957 357 2001 gistri
379 1964 411 1990 ut
424 1958 578 2001 quisquis,
596 1969 654 2002 per
668 1968 797 1991 causam
812 1958 1013 1997 aedificandi,

73 2005 166 2025 cumdem
199 2009 255 2029 Μ’
269 2011 366 2044 buius
381 2011 618 2044 constitutionis
635 2012 740 2044 favore
760 2011 806 2044 uti
825 2011 974 2051 voluerit,
988 2011 1016 2043 ei

73 2035 181 2056 scribendi
201 2038 254 2053 tem-

77 2072 115 2092 1²=¹⁵
139 2066 163 2085 ad
191 2066 255 2084 ΜΗ·
269 2069 341 2096 ante
362 2064 480 2103 omnia,
508 2064 718 2097 consideratis
741 2068 808 2096 tum
830 2064 929 2106 ipsius
949 2069 1014 2096 tum

73 2097 171 2119 candum.
191 2099 254 2122 atque

73 2133 173 2147 summam
227 2126 255 2146 ibi
270 2117 332 2149 loci
352 2117 571 2160 qualitatibus,
594 2128 767 2158 summam,
789 2127 883 2161 quam
905 2116 1015 2149 aedifi-

74 2158 256 2209 ξζῆᾞῗζξξᾞ
271 2170 385 2209 cando,
407 2176 442 2202 ut
462 2170 645 2210 minimum,
667 2170 866 2213 impendere,
885 2181 920 2202 ac
935 2175 1015 2201 tem-

73 2219 255 2270 ’ἓξζζῗῃζίξὲῗῇζθ
271 2234 332 2266 pus
351 2233 415 2266 quo
435 2222 601 2256 inchoasse
620 2234 749 2267 quoque
770 2223 941 2267 perfecisse
961 2223 1015 2256 de-

74 2287 99 2301 e*
115 2287 180 2316 effusa
195 2281 256 2301 ΞΜ·
270 2276 359 2315 beat,
380 2276 552 2319 propositis
586 2287 665 2319 quas
697 2276 856 2309 voluerint
888 2276 1015 2319 poenis,

73 2313 143 2333 “ML
270 2329 506 2372 praescribant,
529 2329 617 2372 isque
637 2330 675 2362 ad
696 2329 929 2373 praescriptum
954 2328 1016 2361 hu-

271 2382 409 2414 iusmodi
448 2382 621 2425 promittat,
663 2388 744 2415 etse
777 2382 926 2425 bonaque
959 2392 1015 2414 sua

271 2430 381 2463 omnia
405 2430 580 2463 arctissime
609 2431 739 2473 obliget,
761 2430 925 2463 subiturus
945 2441 1014 2462 om-

271 2479 348 2511 nino
382 2490 501 2521 poenas
528 2479 612 2522 ipsas
645 2480 706 2511 nisi
738 2479 893 2523 promissa
922 2489 1015 2522 prae-

272 2527 397 2567 stiterit,
419 2527 505 2559 omni
532 2529 720 2570 purgatione
742 2538 850 2560 morae
875 2538 910 2560 ex
934 2537 1015 2570 quo-

272 2587 411 2620 cumque
431 2576 499 2610 iure
524 2582 555 2610 et
574 2577 667 2610 etiam
689 2577 843 2611 canoniea
857 2576 1015 2619 aequitate

83 208 132 237 An·
150 210 178 238 C,
198 209 264 237 15714

866 209 1044 236 BtmLAmwiit
1067 210 1217 235 Romanum

1939 0 1976 67 ³32·

1932 105 1935 108 .
1943 82 1963 101 ‘t-

1951 107 1967 124 ,ν

1819 211 1870 239 An.
1885 210 1915 239 C.
1931 203 1992 241 ffi'itt

1060 262 1255 307 competenti
1275 262 1403 306 penitus
1423 262 1557 296 sublata.
1581 263 1618 297 Et
1637 263 1805 297 nihilomi-
1964 259 1966 261 ’

1059 326 1120 348 nus
1144 315 1387 359 compellendus
1406 315 1444 348 ab
1480 315 1598 349 eisdem
1628 317 1805 350 camerario

1059 375 1089 401 et
1115 369 1285 411 magistris,
1307 369 1354 402 vel
1385 369 1540 412 promissa
1569 370 1736 413 perficere,
1755 371 1805 404 vel

1059 428 1323 465 spiaepropterca
1336 421 1424 461 cinit,
1444 426 1474 454 et
1493 422 1588 455 etiam
1609 422 1670 455 illis
1689 423 1803 464 vicina,

1058 485 1197 517 quornm
1218 475 1386 507 occasione
1419 474 1505 515 emit,
1526 480 1557 507 et
1579 476 1611 508 in
1631 474 1749 518 quibus
1772 485 1806 509 se

1058 528 1303 560 aedificaturum
1320 533 1544 571 proposuerat,
1559 527 1630 561 loca
1650 533 1680 561 et
1693 529 1805 562 domos

1057 581 1128 612 aliis
1151 580 1320 613 aedificare
1354 580 1545 621 volentibus,
1574 581 1658 614 iusto
1678 582 1802 625 pretio,
1983 619 1989 623 ,

1057 633 1139 666 sicut
1158 634 1378 677 supradictum
1392 638 1449 673 est,
1465 633 1671 675 aestimando,
1683 634 1804 678 absque

1057 685 1122 718 ullo
1143 692 1326 728 augmento,
1345 686 1495 719 vendere.
1988 680 1993 686 ’

1100 738 1115 782 ξ
1134 738 1186 772 ΕΣΟ.
1205 739 1266 772 Sed
1284 750 1323 772 ne
1334 739 1517 782 aliquorum
1534 739 1717 782 impunitas,
1732 739 1800 784 qui,
1842 751 1882 779 Qui
1899 704 2004 787 emeram}

1057 796 1092 824 ut
1123 792 1326 835 accepimus,
1348 792 1505 825 beneficio
1526 792 1706 825 litterarum
1727 793 1803 826 Sixti
1817 782 2006 838 'jsscffgmm'ffiffi

1056 848 1087 876 et
1104 843 1217 877 Leonis
1237 856 1274 877 ac
1297 845 1343 877 Pii
1367 845 1485 888 quarti,
1518 845 1593 877 dum
1626 845 1699 878 illae
1717 845 1802 889 vige·
1816 843 1970 897 ἱῖῐοᾞξξῑῗίι
1991 840 2005 891 J

1056 902 1138 937 rent,
1159 897 1261 938 abusi,
1275 898 1387 931 domos
1402 903 1432 931 et
1451 898 1521 931 loca
1541 909 1577 931 ex
1597 899 1724 931 illarum
1742 899 1803 932 dis·
1816 906 1845 927 Pii
1860 905 1896 932 lv.
1911 909 1934 928 et
1948 903 1983 943 {eff

1056 950 1214 993 positione
1237 951 1403 994 acquisita,
1424 951 1611 984 infabricata
1626 952 1733 985 adhuc
1749 963 1800 986 re·
1814 939 1987 998 ffissiedpe‘ffl'f,

1057 1002 1171 1044 tinent,
1196 1003 1266 1037 aliis
1285 1003 1472 1037 admittendi
1493 1005 1609 1037 similia
1633 1005 1800 1038 audaciam
1815 1003 1930 1031 “dfffllflffl
1944 1003 2010 1047 Μὴ

1056 1057 1218 1098 praebeat,
1249 1056 1346 1089 iidem
1380 1057 1575 1090 camerarius
1610 1064 1640 1091 et
1659 1057 1802 1101 magistri
1815 1041 1852 1057 ω
1866 1040 1960 1057 meum*
1986 1053 2013 1094 ‘t

1055 1108 1126 1141 illos
1146 1119 1271 1149 omnes,
1294 1109 1348 1152 qui
1366 1120 1384 1142 a
1397 1109 1506 1152 viginti
1526 1110 1616 1143 annis
1636 1111 1715 1144 citra
1731 1111 1803 1144 loca
2003 1105 2009 1127 ἶ

1055 1161 1162 1204 aliqua
1173 1173 1209 1195 ex
1228 1161 1386 1195 dictarum
1401 1162 1579 1195 litterarum
1597 1163 1804 1207 dispositione

1055 1221 1214 1256 emerunt,
1237 1226 1334 1259 seque
1354 1215 1387 1248 in
1410 1216 1473 1248 illis
1492 1216 1716 1250 aedificaturos
1730 1228 1804 1260 pro·
2009 1250 2014 1259 r

1056 1268 1213 1301 miserunt
1232 1279 1292 1302 nec
1310 1269 1551 1313 praestiterunt,
1577 1275 1693 1312 cogant
1715 1281 1753 1303 ea
1771 1281 1805 1303 ο-
2002 1261 2021 1301 ff:

1057 1322 1155 1363 mnia,
1178 1332 1260 1365 quae
1280 1327 1357 1356 tunc
1390 1323 1494 1356 facere
1524 1323 1696 1363 debebant,
1722 1322 1806 1356 intra
2006 1318 2018 1333 ’”

1056 1375 1194 1419 spatium
1214 1387 1267 1409 sex
1287 1376 1446 1409 mensium
1467 1387 1485 1408 a
1510 1376 1561 1409 die
1582 1377 1744 1420 praecepti
1758 1376 1804 1410 eis

1055 1429 1114 1462 hac
1128 1429 1166 1462 de
1186 1439 1221 1462 re
1240 1429 1389 1469 faciendi,
1405 1429 1553 1473 implere,
1575 1428 1719 1472 alioquin
1733 1440 1806 1472 poe-

1056 1492 1112 1515 nas
1132 1482 1324 1525 praemissas
1344 1482 1382 1515 ab
1402 1482 1439 1515 iis
1458 1482 1585 1526 exigant
1601 1492 1746 1515 omnino.
1768 1482 1806 1515 Et

1057 1540 1183 1579 praeter
1201 1535 1284 1576 illas,
1306 1536 1377 1568 loca
1397 1535 1509 1568 eadem
1530 1534 1670 1568 dominis
1689 1535 1806 1578 quibus

1056 1588 1160 1621 ablata
1171 1589 1313 1629 suerunt,
1325 1588 1350 1621 si
1364 1588 1424 1632 ipsi
1435 1588 1543 1629 velint,
1562 1588 1675 1621 eodem
1686 1588 1802 1632 pretio,

1057 1641 1142 1685 quod
1162 1647 1239 1674 tunc
1260 1641 1402 1674 solutum
1422 1641 1493 1681 suit,
1516 1641 1651 1682 restitui,
1670 1641 1719 1674 vel
1741 1640 1805 1674 illis

1057 1694 1252 1734 nolentibus,
1274 1694 1357 1735 aliis,
1379 1694 1435 1737 qui
1456 1693 1498 1727 ibi
1519 1694 1720 1727 aedificaturi
1731 1692 1806 1734 sint,

1057 1748 1171 1791 pretio,
1188 1752 1224 1780 ut
1254 1747 1473 1791 supradictum
1494 1752 1551 1788 est,
1587 1746 1800 1788 aestimando,

1057 1800 1149 1833 vendi
1170 1801 1376 1843 compellant.
2033 1843 2035 1846 Α

1101 1853 1115 1896 g
1140 1853 1193 1885 ⁹2¹1.
1216 1853 1364 1886 Ceterum
1385 1863 1507 1896 poenae
1526 1862 1649 1894 omneS,
1663 1852 1803 1896 quasin-
1831 1865 2000 1903 'application-

1058 1912 1201 1947 current,
1215 1906 1269 1949 qui
1282 1906 1431 1939 adversus
1445 1905 1707 1939 constitutionem
1718 1906 1802 1939 hanc
1817 1904 1848 1919 ⁰¹⁵
1863 1904 1904 1925 ⁹¹¹⁵
1918 1902 2001 1925 ¹²⁰⁰¹¹⁵‘
2020 1911 2023 1914 ’

1817 1935 1863 1950 rum
1884 1929 2000 1950 incurreu-
2040 1932 2042 1934 ’

1057 1970 1113 1991 seu
1138 1959 1306 1991 camerarii
1326 1964 1356 1991 et
1376 1958 1601 2001 magistrorum
1623 1969 1681 2000 pro
1702 1958 1803 2001 ipsius
1817 1961 1891 1982 aarum
1905 1960 1931 1981 ‘³¹‘
1946 1966 2001 1982 ⁰⁰¹¹-

1058 2012 1296 2045 constitutionis
1316 2011 1502 2044 executione
1515 2011 1664 2044 mandata
1677 2012 1725 2044 vel
1746 2012 1803 2045 de·
1817 1992 1973 2014 ‘mmmm'

1057 2070 1143 2097 creta
1162 2064 1361 2104 admiserint,
1396 2064 1458 2107 piis
1477 2064 1555 2097 locis
1575 2064 1676 2096 dictae
1709 2064 1802 2098 Urbis

1058 2117 1099 2149 ita
1124 2117 1301 2160 applicatae
1331 2120 1404 2157 sint,
1437 2121 1472 2150 ut
1496 2117 1541 2149 illi
1567 2127 1602 2149 ex
1624 2117 1701 2160 ipsis
1724 2117 1802 2150 locis

1058 2169 1308 2203 irrevocabiliter
1319 2170 1506 2209 debeantur,
1516 2180 1574 2212 pro
1586 2179 1650 2213 quo
1659 2169 1802 2213 primum

1058 2234 1179 2266 poenae
1200 2224 1286 2267 ipsae
1307 2229 1378 2267 post
1404 2223 1533 2256 illarum
1554 2222 1722 2257 incursum
1745 2234 1802 2268 pe-

1058 2276 1130 2309 titae
1152 2277 1281 2312 suerint,
1303 2277 1343 2309 ad
1368 2287 1462 2320 quain
1484 2276 1683 2319 petitionem,
1704 2276 1802 2320 lapsis

1057 2329 1095 2360 ab
1134 2329 1319 2361 huiusmodi
1354 2330 1486 2362 incursu
1511 2328 1640 2371 triginta
1667 2328 1799 2369 diebus,

1057 2381 1117 2413 nisi
1138 2382 1211 2413 dicti
1234 2382 1431 2415 camerarius
1446 2387 1477 2415 et
1497 2381 1639 2423 magistri
1655 2381 1724 2414 illas
1737 2381 1800 2414 iam

1058 2441 1114 2473 pro
1136 2441 1248 2463 eorum
1268 2431 1375 2464 debito
1404 2431 1581 2474 exegerint,
1613 2430 1748 2473 quilibet
1768 2429 1801 2462 in

1057 2479 1139 2511 dicta
1159 2479 1241 2511 Urbe
1258 2480 1305 2511 vel
1321 2480 1353 2511 in
1372 2479 1516 2512 Romana
1535 2478 1629 2512 Curia
1647 2478 1743 2511 iudex
1760 2479 1800 2511 ad

1057 2527 1183 2559 illarum
1209 2528 1406 2561 exactionem
1436 2527 1652 2561 indesinenter
1686 2538 1800 2570 procc-

1057 2576 1125 2617 dat,
1148 2576 1250 2609 donec
1279 2576 1383 2610 eidem
1421 2577 1492 2610 loco
1524 2586 1597 2609 vere
1625 2580 1655 2608 ct
1678 2574 1801 2618 integre

1998 1130 2015 1198 ἑ
