2059 3228
23 261 36 278 t.
49 249 77 278 C.
100 249 167 278 ¹⁸76
780 243 957 272 calidonius
973 243 1030 270 xm
1052 245 1103 270 PP.
1605 235 1667 268 157
1731 240 1810 267 ΑΗΕ,
1827 240 1895 267 ¹570

179 300 351 346 Apostoliei
369 299 532 334 auditores
556 303 587 333 et
609 298 741 333 Sanctae
760 298 922 333 Romanae
964 297 1117 330 facientes
1136 296 1213 341 ipsis
1236 297 1285 332 vel
1306 297 1507 342 procuratori
1546 298 1711 341 praedicto

178 353 338 388 Ecclesiae
357 353 545 393 cardinales,
560 352 685 386 sublata
704 351 749 385 eis
768 357 921 385 eteorum
961 351 1001 384 dc
1020 350 1133 391 vinem,
1155 351 1302 385 vineolae
1318 357 1348 385 et
1363 352 1631 385 arundinetorum
1662 351 1712 383 iu-

179 406 310 441 cuilibet
332 406 442 450 quavis
461 405 553 439 aliter
577 405 739 439 iudicandi
766 409 797 438 et
821 404 921 438 inter-
962 404 1116 447 riunique
1137 408 1168 437 et
1186 404 1452 447 pertinentiarum
1476 405 1712 448 praedictarum

178 459 324 504 pretandi
343 459 493 493 facultate
514 465 544 493 et
563 457 764 498 auctoritate,
784 456 921 490 iudicari
962 456 1133 497 fructibus,
1170 456 1349 489 redditibus
1378 462 1408 490 ct
1436 457 1643 502 proventibus
1663 457 1712 489 in-

177 517 218 545 etv
237 511 368 545 diffiniri
396 512 530 552 debere;
566 511 694 544 irritum
724 520 853 554 quoquc
891 514 922 542 et
961 513 1051 551 tegre
1076 508 1290 553 responderi;
1318 520 1383 542 non
1413 511 1632 554 permittentes
1657 521 1712 543 eos

177 565 272 599 inane
291 565 370 606 sore,
387 565 411 597 si
428 575 520 598 secus
539 563 696 608 superhis
711 574 729 596 a
743 573 920 606 quoquam,
960 561 1009 594 vel
1051 568 1297 606 procuratorem
1335 563 1535 606 praedictum
1572 563 1712 607 desuper

175 617 286 662 quavis
304 618 503 659 auctoritate,
519 617 654 650 scienter
663 615 711 649 vel
721 615 917 658 ignoranter,
961 626 1020 659 per
1038 625 1263 659 quoscumque
1293 614 1536 658 quomodolibet
1570 615 1710 649 indebite

176 670 347 715 contigerit
365 670 526 704 attentari.
961 668 1138 708 molestari3
1160 668 1414 702 contradictores
1436 669 1595 714 quoslibet
1615 675 1646 702 et
1661 681 1709 703 re-

219 723 234 767 §
255 724 286 759 7.
307 723 465 763 Quocirca
483 723 607 757 dilectis
625 721 701 755 filiis
719 726 847 755 sanctae
862 721 921 754 Ro·
960 720 1060 754 belles
1084 731 1121 754 ac
1151 721 1336 765 praemissis
1363 732 1429 755 non
1460 728 1618 766 parentes
1652 734 1711 767 per

23 782 161 820 ''uinybufflfe
175 786 289 810 manae
312 777 474 810 Ecclesiae
497 774 684 816 camerario,
708 774 920 819 praesidenti—
962 784 1115 808 censuras
1134 780 1164 808 et
1187 785 1307 818 poenas
1331 775 1562 809 ecclesiasticas
1581 776 1709 821 aliaque

26 816 161 866 iiui'iiissm'e'i
174 829 272 864 buset
282 830 408 863 clericis
425 829 573 863 Gamerae
584 828 768 872 praedictae
776 828 919 872 aliisque,
961 833 1146 871 opportuna
1165 827 1245 861 iuris
1264 833 1296 861 et
1314 828 1388 862 sacti
1409 829 1710 869 remedia‚auctori—

173 883 214 917 ad
238 893 319 927 quos
337 882 369 916 id
393 887 524 927 spectat,
555 881 786 925 praecipimus,
807 886 919 924 quate-
961 885 1024 914 tate
1043 886 1163 921 nostra,
1178 882 1393 925 appellatione
1417 883 1602 926 postposita,
1620 894 1708 916 com-

174 947 235 970 nus
258 935 499 980 quamprimum
541 934 580 968 ab
614 934 759 968 eiusdem
792 934 920 977 collegii
961 935 1138 977 pescend03
1159 945 1299 976 necnon,
1315 936 1465 980 legitimis
1481 947 1578 980 super
1592 936 1710 970 hisha-

174 988 440 1033 procuratoribus
465 988 584 1022 suerint
600 988 757 1031 requisiti,
770 998 921 1032 praesen·
960 987 1073 1020 bondis
1113 988 1244 1021 servatis
1280 989 1496 1033 processibus,
1519 991 1707 1031 sententias,

174 1048 222 1076 tes
239 1042 361 1076 litteras
379 1042 413 1075 in
432 1041 523 1075 libris
534 1041 685 1075 Gamerae
705 1041 868 1084 registrari
883 1052 921 1074 ac
961 1051 1114 1073 censuras
1133 1046 1163 1074 et
1182 1052 1302 1085 poenas
1318 1042 1401 1085 ipsas
1416 1043 1589 1076 incurrisse
1602 1044 1709 1077 decla-

173 1095 324 1136 describi,
347 1105 384 1129 ac
416 1095 538 1129 litteras
566 1100 713 1138 patentes
744 1094 919 1128 camerales
962 1094 1076 1134 rando,
1098 1094 1233 1138 illasque
1257 1095 1351 1128 etiam
1372 1095 1493 1129 iteratis
1516 1096 1639 1130 vicibus
1654 1109 1708 1141 ag-

172 1149 311 1193 desuper
325 1147 358 1181 in
377 1148 485 1192 ampla
504 1149 607 1181 forma
626 1147 766 1191 etgratis
776 1146 920 1191 expediri
961 1146 1134 1188 gravando,
1160 1147 1306 1181 invocato
1326 1149 1471 1182 etiamad
1492 1149 1566 1190 hoc,
1588 1150 1613 1183 si
1628 1161 1709 1194 opus

174 1201 304 1236 saciant,
961 1200 1069 1241 suerit,
1091 1201 1212 1234 auxilio
1231 1202 1355 1235 brachii
1375 1203 1561 1236 saecularis.

218 1254 233 1298 ἓ
252 1254 283 1289 8.
306 1254 488 1288 Mandantes
499 1254 594 1287 etiam
614 1253 850 1287 venerabilibus
861 1254 922 1287 sra-
1005 1254 1061 1296 §a
1075 1254 1352 1289 Nonobstantibus
1361 1256 1463 1289 felicis
1474 1257 1708 1292 recordationis
1736 1262 1908 1288 ⁰²r0g³¹1⁰00ffi

32 1311 162 1337 „untime-
176 1307 277 1341 tribus
290 1307 409 1341 nostris
426 1307 538 1341 Ioanni
558 1307 694 1341 Ostiensi
714 1313 842 1340 sanctae
857 1308 921 1340 Ro·
962 1307 1230 1352 BonisaciiPapae
1249 1308 1324 1349 Vlll,
1350 1319 1413 1352 qua
1433 1316 1561 1343 cavetur
1582 1321 1621 1344 ne
1636 1312 1709 1355 quis
1722 1294 1845 1315 “mmuh

37 1346 84 1362 mm*
175 1371 288 1394 manae
311 1361 473 1394 Ecclesiae
502 1360 657 1394 cardinali
689 1360 821 1393 Morono
840 1371 922 1394 nun-
963 1366 1051 1394 extra
1077 1371 1168 1394 suam
1189 1362 1349 1395 civitatem
1369 1363 1416 1396 vel
1441 1363 1624 1405 dioecesim,
1648 1365 1710 1398 nisi

175 1420 304 1458 cupato,
330 1419 362 1447 et
384 1414 578 1458 Hieronymo
602 1413 680 1447 olim
700 1413 919 1454 Maceratensi,
963 1414 997 1448 in
1016 1414 1111 1448 certis
1126 1414 1267 1459 exceptis
1286 1414 1424 1457 casibus,
1446 1421 1477 1449 et
1496 1416 1528 1449 in
1545 1417 1607 1450 illis
1627 1418 1711 1452 ultra

174 1473 205 1501 et
227 1467 327 1500 Paulo
359 1478 466 1511 nuper
494 1466 654 1500 Pennensi
691 1471 723 1500 et
751 1466 922 1500 Andriensi
964 1478 1061 1500 unam
1081 1468 1217 1501 diaetam
1233 1469 1325 1502 asine
1343 1480 1420 1503 suae
1439 1470 1585 1504 dioecesis
1605 1472 1645 1504 ad
1662 1472 1711 1505 iu-

175 1520 346 1564 episcopis,
376 1530 436 1564 per
463 1525 657 1563 praesentes,
682 1526 841 1564 quatenus
861 1519 922 1563 ipsi
964 1520 1085 1554 dicium
1115 1527 1262 1563 vocetur,·
1291 1533 1347 1556 seu
1370 1533 1411 1556 ne
1436 1523 1559 1557 iudices
1586 1536 1604 1557 a
1632 1525 1714 1558 Sede

174 1574 224 1607 vel
256 1574 320 1607 duo
350 1578 406 1607 aut
430 1583 515 1607 unus
548 1584 682 1614 eorum,
714 1584 773 1617 per
809 1584 843 1607 se
875 1573 924 1606 vel
965 1574 1148 1618 Apostolica
1176 1575 1322 1619 deputati
1347 1582 1459 1609 contra
1490 1588 1714 1622 quoscumque

175 1627 276 1660 alium
295 1637 352 1660 seu
375 1627 464 1668 alios,
487 1626 613 1660 easdem
630 1632 814 1671 praesentes
843 1626 925 1659 litte·
966 1628 1154 1671 procedere,
1185 1633 1240 1661 aut
1268 1629 1321 1662 alii
1356 1630 1404 1662 vel
1430 1630 1502 1663 aliis
1529 1631 1613 1664 vices
1642 1643 1715 1665 suas

176 1690 229 1714 ras
247 1685 278 1713 et
304 1679 338 1713 in
374 1679 420 1713 eis
439 1685 588 1713 contenta
611 1690 848 1724 quaecumque,
870 1678 925 1712 ubi
966 1681 1166 1714 committere
1195 1687 1413 1725 praesumant;
1450 1689 1481 1716 et
1517 1684 1556 1717 dc
1589 1685 1715 1718 duabus

177 1738 209 1767 et
235 1733 367 1777 quando
398 1744 481 1777 opus
509 1733 622 1774 suerit,
654 1744 692 1766 ac
716 1733 843 1776 quoties
867 1742 926 1776 pro
967 1734 1715 1778 diaetisinconciliogeneraliedita,dummodo

177 1792 268 1830 parte
294 1786 430 1819 rectoris
456 1791 488 1819 et
510 1786 808 1820 administratorum
832 1796 926 1830 prae-
968 1788 1052 1820 ultra
1072 1793 1137 1821 tres
1154 1788 1276 1822 diaetas
1295 1788 1413 1832 aliquis
1428 1790 1618 1830 auctoritate
1627 1802 1718 1835 prae-

178 1839 339 1873 dictorum
355 1840 475 1872 suerint
494 1840 650 1884 requisiti,
671 1840 857 1873 solemniter
871 1850 929 1883 pu-
969 1841 1108 1874 sentium
1129 1851 1194 1874 non
1207 1842 1364 1883 trahatur,
1386 1853 1513 1876 necnon
1529 1843 1715 1885 Simmaehi,

178 1893 347 1934 blicantes,
373 1904 410 1927 ac
433 1893 496 1927 illis
520 1894 553 1926 in
582 1894 766 1937 praemissis
791 1893 929 1926 efficacis
969 1904 1051 1936 quae
1072 1893 1184 1938 incipit
1203 1895 1273 1927 Non
1293 1895 1388 1928 liccat
1413 1896 1537 1939 Papae;
1565 1907 1601 1928 ae
1627 1897 1717 1929 Pauli

180 1946 375 1980 defensionis
402 1947 563 1991 praesidio
596 1946 789 1988 assistentes,
812 1947 930 1979 saciant
970 1947 994 1979 ll
1015 1957 1141 1980 necnon
1161 1947 1251 1980 Pauli
1266 1948 1303 1980 tv
1315 1954 1345 1981 et
1355 1948 1401 1981 Pii
1423 1949 1516 1982 etiam
1537 1949 1573 1981 IV
1589 1956 1619 1982 ct
1637 1949 1717 1983 alio-

182 1999 371 2033 auctoritate
405 2005 525 2040 nostra,
555 2006 712 2033 rectorem
744 2005 774 2032 et
792 1999 930 2032 admini-
972 2011 1043 2032 rum
1073 2000 1293 2034 Romanorum
1313 2001 1505 2035 Pontificum
1526 2003 1718 2045 praedeces-

183 2056 335 2085 stratores
364 2052 546 2097 praedictos
575 2052 747 2086 donatione
765 2079 772 2093 ‚
799 2064 930 2086 conces·
971 2064 1080 2086 sorum
1111 2059 1306 2095 nostrorum,
1345 2065 1381 2087 ac
1410 2055 1505 2087 ctiam
1534 2056 1651 2088 nostris
1678 2056 1719 2090 de

185 2103 286 2145 sione,
312 2105 541 2149 applicatione,
563 2106 837 2150 appropriatione,
855 2107 930 2139 sub·
973 2106 1069 2139 rebus
1083 2106 1244 2140 Ecclesiae
1259 2118 1325 2140 non
1344 2107 1520 2140 alienandis
1531 2112 1561 2141 et
1573 2108 1720 2143 alienatis

186 2157 365 2199 stitutione,
386 2158 626 2201 subrogatione,
652 2159 867 2200 revocatione,
884 2170 934 2192 re-
974 2159 1218 2202 recuperandis,
1244 2170 1370 2193 necnon
1391 2161 1490 2193 altera
1509 2161 1653 2194 eiusdem
1672 2162 1720 2195 Pii

187 2210 355 2250 laxatione,
375 2211 503 2244 decreto
523 2218 552 2245 et
573 2212 645 2246 aliis
674 2212 856 2256 praemissis
876 2224 932 2256 pa·
974 2213 1020 2252 lv,
1033 2213 1289 2256 praedecessoris,
1303 2214 1361 2246 sub
1376 2214 1489 2246 Datum
1501 2214 1648 2248 videlieet.
1665 2226 1720 2248 oc-

188 2262 279 2296 eifice
299 2262 362 2296 frui
395 2269 426 2297 ct
454 2265 607 2307 gaudere3
629 2276 666 2299 ac
686 2265 710 2299 si
731 2276 813 2309 opus
839 2266 935 2299 fucrit
975 2270 1046 2298 tavo
1074 2266 1146 2299 idus
1173 2266 1311 2308 augusti,
1342 2267 1545 2309 pontificatus
1564 2268 1613 2301 sui
1637 2279 1721 2302 anno

189 2321 347 2349 rectorem
383 2321 414 2349 et
443 2316 716 2351 administratores
754 2318 935 2362 praedictos
976 2323 1075 2358 sexto,
1098 2329 1162 2361 qua
1187 2319 1282 2351 etiam
1304 2324 1433 2352 cavetur
1457 2326 1489 2352 ut
1519 2321 1573 2363 qui
1603 2322 1722 2364 gratias

189 2369 238 2402 vel
257 2378 370 2401 corum
386 2374 640 2412 procuratorem,
655 2371 742 2404 illius
750 2371 890 2412 nomine,
904 2372 936 2404 in
977 2372 1263 2404 seueoncessiones
1271 2372 1395 2414 aliquas
1403 2372 1720 2415 RomaniPontifieis,

191 2422 393 2465 corporalem
413 2422 646 2465 possessionem
662 2424 771 2464 vinear,
793 2425 937 2457 vineolae
978 2424 1072 2457 etiam
1090 2425 1270 2468 praedictae
1283 2424 1433 2458 Gamerae
1449 2426 1600 2460 interesse
1613 2429 1725 2471 quovis

193 2474 224 2502 et
241 2470 508 2503 arundinetorurn
531 2470 714 2514 iuriurnque
729 2478 759 2504 et
773 2472 937 2515 pertinen·
980 2473 1074 2505 niodo
1083 2474 1569 2516 concernentesimpetraverint,
1585 2477 1723 2515 easdem,

193 2517 310 2550 tiarum
325 2519 565 2562 praedictorum
581 2519 735 2552 inducant
750 2521 938 2554 auctoritate
981 2522 1064 2554 intra
1084 2527 1146 2554 tres
1172 2532 1294 2553 incuses
1314 2532 1331 2553 a
1351 2522 1401 2554 die
1426 2522 1552 2556 illarum
1576 2525 1725 2567 impetra-

193 2574 315 2607 nostm,
338 2573 367 2600 ct
382 2567 554 2600 defendant
573 2567 730 2607 inductos,
746 2568 860 2602 amotis
870 2570 941 2613 qui·
980 2570 1087 2610 tionis,
1109 2570 1141 2602 in
1159 2570 1411 2604 eademCamera
1431 2579 1644 2615 praesentare,
1668 2574 1725 2606 ibi-

199 2614 334 2650 baslibct
367 2617 485 2650 illicitis
509 2617 730 2650 detentoribus
749 2618 788 2650 ab
807 2618 938 2658 eisdem,
981 2630 1044 2662 que
1060 2620 1221 2662 registrari
1242 2620 1346 2653 facere
1367 2626 1545 2663 teneantur,
1568 2623 1722 2666 alioquin,
