2059 3228
107 216 160 247 ΑΒ.
176 217 204 246 C.
220 218 285 246 1587

126 809 230 835 illegitimi
256 810 280 830 ad

99 839 228 866 Religionem
239 847 279 863 nen

98 873 235 898 recipiantur.

351 209 414 243 952

302 281 412 304 rorum
434 269 498 303 Deo
519 268 746 302 famulantium
770 269 977 314 perturbare,
996 276 1051 304 aut

301 324 359 356 hac
379 323 468 367 quasi
490 323 577 356 faece
598 328 630 357 et
649 323 803 365 colluvie,
826 323 969 368 ipsarum
988 325 1050 358 Re-

299 376 455 419 ligionum
500 377 659 410 honorem
703 382 734 411 et
775 378 1047 412 existimationem

298 430 394 471 laedi,
416 435 451 463 ut
476 430 617 474 denique
637 430 803 472 homines,
825 432 881 476 qui
909 433 969 465 hac
994 443 1049 476 spe

297 483 336 516 ad
367 483 452 517 filios
475 483 604 528 spurios
636 483 669 517 in
702 490 834 529 peccato
870 485 1048 529 gignendos

296 542 402 569 essent
422 536 662 581 propensiores,
685 548 723 571 eo
745 538 846 581 magis
866 539 1050 572 abstineant

296 589 335 622 ab
355 589 543 624 huiusmodi
572 591 679 624 carnis
706 591 854 635 flagitiis,
885 603 949 635 quo
970 602 1048 626 suae

295 643 379 685 proli
402 643 463 677 hoc
483 654 613 689 quoque
646 645 809 689 refugium
839 647 1047 690 praeclusum

295 696 445 730 viderint:
959 686 963 696 ⁵

292 790 294 793 Ι
338 750 353 793 ξ
372 749 403 783 2.
427 751 493 785 Hac
513 757 623 785 nostra
642 753 675 785 in
696 759 889 797 perpetuum
909 754 1047 787 valitura

295 803 525 838 constitutione
537 805 679 839 districte
691 806 916 840 interdicimus
927 813 956 840 et
973 817 1048 850 pro-

294 856 445 891 hibemus
461 869 501 891 ne
517 859 676 903 illegitimi
693 860 854 904 procreati
867 872 904 894 ex
921 860 1047 894 incestu

294 915 347 943 aut
369 921 405 944 ex
426 913 596 956 sacrilegio
614 914 769 956 (quorum
791 914 914 947 scilicet
931 925 1047 957 paren-

294 970 342 997 tes
357 966 636 1010 consanguinitate
648 967 695 1000 vel
709 967 865 1000 affinitate
882 967 965 1001 intra
981 973 1046 1001 ter-

293 1017 375 1051 tium
394 1019 532 1062 gradum
559 1019 696 1053 invicem
722 1020 885 1054 coniuncti
910 1021 1043 1061 fuerint,

292 1071 339 1103 rel
367 1082 508 1116 quorum
537 1073 693 1107 alteruter
718 1084 835 1118 parcns
865 1074 1047 1107 castitatem

291 1124 355 1157 Deo
365 1125 500 1169 voverit)
509 1125 605 1160 etiam
615 1126 793 1172 apostolica
801 1153 809 1168 ,
825 1127 985 1172 imperiali
997 1128 1045 1161 vel

293 1178 381 1221 regia
391 1179 567 1223 autquavis
587 1180 648 1213 alia
669 1181 858 1214 auctoritate
878 1181 1046 1224 legitimati

291 1238 347 1264 aut
366 1233 529 1266 natalibus
548 1234 707 1275 restituti,
728 1234 768 1268 ad
787 1235 930 1278 aliquam
964 1246 1046 1279 quo-

291 1295 509 1331 rumcumque
529 1286 698 1328 Ordinum,
726 1288 824 1321 etiam
858 1288 1043 1322 Mendican—

291 1339 385 1380 tium,
409 1345 440 1373 et
459 1351 525 1374 non
538 1341 804 1381 Mendicantium‚
816 1341 1044 1383 fratrum,mo-

290 1393 487 1436 uachorum,
506 1395 717 1428 eremitarum
740 1396 789 1428 vel
809 1396 1041 1430 canonicorum

290 1451 347 1479 aut
367 1447 561 1482 clericorum
583 1448 798 1492 regularium,
821 1450 1046 1493 congregatio-

290 1510 364 1533 nem
384 1507 442 1534 aut
465 1501 676 1545 hospitalium
701 1502 921 1546 Religionem,
942 1514 1046 1547 neque

290 1553 329 1586 ad
350 1554 494 1588 habitum
516 1566 575 1589 nec
606 1556 841 1600 professionem
866 1558 1045 1599 regulares,

291 1607 390 1651 recipi
411 1610 459 1641 rel
480 1609 605 1642 admitti
626 1620 760 1654 quoquo
791 1610 888 1643 modo
910 1611 1044 1654 possint.

291 1660 382 1699 Quod
414 1662 439 1694 si
472 1673 587 1696 eorum
613 1663 776 1707 quispiam
803 1663 949 1696 habitum
974 1670 1069 1719 post,

293 1714 544 1757 publicationem
566 1716 744 1760 praesentis
760 1716 1002 1750 constitutionis
1014 1717 1046 1749 in

291 1767 436 1800 futurum
451 1769 622 1812 receperit,
642 1769 689 1802 vel
701 1770 935 1813 professionem
956 1776 1045 1814 post-

293 1821 352 1853 hac
367 1821 522 1862 emiserit,
541 1822 749 1855 decernimus
769 1822 900 1855 habitus
917 1834 1047 1866 suscep-

295 1873 412 1906 tionem
435 1881 465 1907 et
485 1875 717 1918 professionem
737 1886 773 1908 ex
790 1885 877 1907 nunc
894 1882 992 1918 prout
1009 1887 1046 1909 cx

295 1932 371 1960 tunc
391 1927 528 1969 irritam,
552 1929 675 1961 nullam
701 1934 731 1961 et
755 1928 929 1961 invalidam
945 1956 952 1969 ,
976 1930 1047 1962 nul-

294 1980 421 2024 liusque
442 1981 568 2014 roboris
579 1982 627 2015 rel
640 1982 795 2014 momenti
817 1983 896 2022 fore,
919 1993 956 2015 ac
973 1983 1046 2015 nul-

295 2033 360 2066 lum
383 2034 508 2074 exinde,
529 2041 585 2068 aut
605 2046 641 2067 cx
658 2034 846 2067 huiusmodi
865 2040 938 2068 voto
959 2036 1048 2079 peni-

296 2093 345 2120 tus
363 2088 542 2128 annullato,
557 2088 766 2132 obligationis
782 2088 948 2121 vinculum
967 2089 1045 2121 oriri

295 2152 407 2184 posse,
450 2142 597 2186 quinimo
628 2142 699 2175 illos
730 2141 844 2175 habitu
877 2143 1043 2185 regulari,

295 2194 332 2226 acl
362 2205 458 2238 quem
482 2195 747 2228 reassumendum
770 2200 927 2239 perpetuo
954 2195 1044 2228 inha-

297 2247 373 2279 bile>v
395 2248 470 2289 sint,
492 2249 735 2292 quamprimum
758 2248 830 2281 exui
857 2254 885 2281 ct
918 2249 958 2281 ab
979 2249 1045 2292 ipsa

297 2301 461 2343 licligione
479 2303 549 2334 clici
572 2302 843 2346 exterminarique
861 2303 991 2336 debere.
1011 2303 1046 2335 Et

298 2354 509 2387 nihilominus
534 2355 732 2398 quicumque
761 2356 956 2400 superiores,
980 2362 1045 2389 tam

299 2404 578 2439 m‹1›mistei·ioruin,
602 2405 822 2448 prioratuum,
846 2405 1046 2449 praepositu-

299 2463 418 2491 rarum,
442 2453 636 2493 (tortiorum,
660 2454 869 2496 collegiorum
896 2460 923 2487 et
957 2454 1045 2487 loco-

300 2512 367 2531 rmn
383 2501 593 2543 regularium,
605 2513 701 2545 quam
715 2503 811 2535 ctiam
825 2503 1044 2546 praefatorum

298 2549 463 2588 mutuum,
481 2551 780 2593 rougregationum,
796 2552 1002 2596 hospitalium
1013 2557 1045 2584 et

298 2609 444 2640 ‹piarume
461 2610 579 2643 mirque
605 2599 806 2644 Religionum
833 2600 1045 2646 prorissciales

894 217 1073 242 BULLARIUM
1092 217 1244 242 ROMANUM

1078 804 1200 850 ligioni
1213 806 1332 839 servire
1344 811 1375 839 ct
1391 806 1624 849 poenitentiam
1643 817 1738 849 agere
1758 807 1840 840 intui

1080 1019 1144 1054 ‚sati
1169 1019 1342 1062 illegitimi,
1373 1031 1409 1053 ex
1442 1020 1534 1053 dictis
1560 1020 1685 1054 incestu
1711 1026 1767 1054 aut
1789 1031 1839 1054 sa-

1078 1178 1148 1212 rhus
1168 1179 1372 1222 regularibus
1392 1180 1602 1214 servientium
1623 1180 1835 1224 recipiantur,

1065 2036 1200 2090 ¹quovis
1234 2036 1298 2070 alio
1327 2037 1434 2070 minus
1464 2037 1609 2080 legitimo
1635 2043 1706 2071 toro
1725 2043 1835 2079 natOS,

1063 2642 1068 2652 ι

1092 270 1140 304 vel
1161 270 1344 313 generales,
1361 270 1474 315 quovis
1489 270 1620 306 nomine
1647 272 1841 317 nuncupati,

1093 323 1205 367 quiex
1233 324 1407 369 praedictis
1440 324 1566 359 incestu
1598 327 1646 360 vel
1673 326 1843 369 sacrilegio

1091 377 1216 421 genitos
1231 384 1304 423 post
1323 378 1444 412 dictam
1464 378 1716 422 publicationem
1727 381 1768 414 ad
1788 381 1844 413 ha-

1091 431 1195 464 bitum
1226 432 1410 476 receperint
1448 433 1496 466 vel
1531 432 1571 465 ad
1609 433 1840 476 professionem

1091 483 1279 517 admiserint
1296 511 1305 525 ,
1339 485 1682 519 excommunicationis
1715 493 1843 520 sentcn-

1092 537 1169 570 tiam
1195 548 1233 571 eo
1265 538 1336 582 ipso
1361 538 1551 579 incurrant,
1588 549 1605 572 a
1634 549 1698 582 qua
1728 549 1840 573 eorum

1090 601 1198 632 neruo,
1216 591 1277 624 nisi
1294 592 1328 624 in
1344 592 1457 625 mortis
1472 592 1611 625 articulo
1631 591 1839 632 constitutus,

1090 644 1129 677 ab
1150 645 1213 678 alio
1233 655 1331 688 quam
1358 645 1503 678 Romano
1530 645 1687 679 Pontifice
1711 645 1841 679 absolu-

1091 697 1186 731 tionis
1201 698 1397 732 beneficium
1413 699 1517 732 valeat
1533 698 1693 732 obtinere.
1719 698 1781 732 Sed
1801 709 1841 732 ne

1090 750 1139 791 iis,
1161 751 1216 794 qui
1237 752 1269 784 in
1290 752 1481 786 humilitatis
1504 752 1633 796 spiritu,
1654 753 1719 786 Deo
1736 758 1769 787 et
1781 753 1841 786 Re-

1090 859 1284 892 monasteria
1304 860 1352 892 vel
1373 859 1487 893 domos
1507 861 1670 903 regulares
1689 860 1837 904 cupiunt,

1089 911 1128 944 ad
1161 918 1309 946 sanctum
1338 913 1525 946 huiusmodi
1555 913 1758 957 propositum
1792 914 1840 946 via

1089 965 1219 1008 penitus
1229 967 1473 1009 praecludatur,
1486 967 1704 1010 permittimus
1714 973 1752 1000 ut
1761 978 1839 1011 prte-

1089 1071 1221 1115 crilegio
1241 1073 1352 1116 geniti,
1379 1074 1419 1106 ad
1439 1074 1588 1107 habitum
1609 1084 1850 1107 conversorumv

1089 1135 1143 1158 seu
1166 1126 1364 1160 famulorum
1385 1127 1418 1159 in
1439 1127 1646 1160 monasteriis
1660 1128 1708 1160 vel
1732 1127 1836 1161 domi-

1089 1237 1119 1264 et
1139 1233 1172 1265 in
1192 1232 1269 1277 ipsis
1296 1234 1499 1267 monasteriis
1524 1244 1580 1266 seu
1607 1234 1756 1268 domibus
1784 1245 1837 1267 re·

1088 1286 1256 1329 gularibus
1284 1287 1324 1320 ad
1353 1287 1479 1321 servilia
1507 1287 1702 1326 ministeria,
1725 1287 1838 1322 viliora

1088 1340 1255 1383 obsequia,
1265 1340 1405 1374 humiles
1416 1341 1597 1374 functiones
1609 1347 1703 1386 atque
1712 1341 1837 1375 abiecta

1088 1394 1217 1426 servitia
1229 1394 1353 1427 admitti
1374 1395 1514 1439 possint;
1533 1406 1570 1428 ea
1596 1401 1702 1428 tamen
1722 1395 1836 1428 condi·

1090 1447 1177 1480 tione
1196 1453 1231 1480 ut
1251 1448 1291 1481 ad
1310 1448 1457 1481 habitum
1468 1448 1706 1492 religiosorum,
1727 1449 1776 1483 vel
1796 1449 1836 1482 ad

1088 1501 1320 1544 professionem
1337 1512 1432 1545 quam
1454 1502 1598 1546 religiosi
1618 1501 1764 1535 .=1niitere
1783 1512 1834 1536 so-

1090 1555 1155 1587 lent
1175 1555 1395 1595 emittendam,
1411 1566 1470 1588 uec
1491 1566 1555 1588 non
1575 1555 1615 1588 ad
1633 1565 1757 1597 omnes,
1769 1565 1835 1589 non

1089 1608 1186 1641 modo
1206 1619 1326 1649 sacros,
1341 1608 1395 1641 sed
1416 1608 1512 1642 etiam
1529 1608 1669 1643 minores
1687 1608 1834 1650 Ordines,
1874 1631 1878 1635 -

1089 1662 1137 1694 vel
1162 1661 1199 1694 ad
1226 1661 1409 1696 clericalem
1440 1663 1677 1703 characterem,
1698 1662 1837 1707 denique
1876 1699 1878 1702 ,

1089 1715 1126 1748 ad
1148 1722 1265 1748 cuncta
1288 1716 1505 1749 ecclesiastica
1525 1715 1628 1749 osli-ia
1649 1723 1680 1749 et
1698 1715 1838 1759 functio-

1089 1779 1158 1809 nes,
1173 1774 1201 1801 et
1215 1769 1254 1801 ad
1274 1769 1514 1802 ascendendum
1529 1769 1568 1802 ad
1580 1769 1709 1802 altiores
1719 1769 1840 1813 gradus

1088 1822 1152 1854 sint
1172 1822 1218 1854 eis
1242 1827 1355 1866 portae
1384 1828 1544 1867 perpetuo
1569 1823 1697 1856 clausae
1722 1828 1754 1855 et
1781 1822 1839 1856 ob-

1090 1881 1224 1909 seratae.
1866 1914 1876 1927 ι
1980 1915 1983 1919 ,

1132 1929 1147 1972 ἓ
1168 1928 1199 1962 3.
1227 1929 1336 1969 Quoad
1361 1929 1504 1974 reliquos
1530 1941 1606 1964 vero
1634 1940 1700 1964 non
1726 1940 1764 1963 ex
1790 1929 1838 1963 in·
1877 1937 1960 1960 Atii:-

1089 1989 1179 2016 cestu
1217 1984 1360 2027 praefato
1388 1994 1450 2017 nec
1483 1984 1671 2027 sacrilegio,
1704 1978 1782 2018 sed
1799 1967 1979 2026 exissiiiss'ffi,

1849 2029 1946 2087 15:222?
1956 2059 1960 2085 ι
1977 2078 1981 2090 ,Ἴ
2020 2051 2027 2086 ἰ

1088 2089 1216 2132 spurios
1235 2090 1283 2123 vel
1307 2091 1480 2132 naturales,
1507 2091 1623 2132 etiam,
1645 2095 1681 2124 ut
1699 2090 1839 2134 praefer·
1850 2092 1969 2146 {22:¹2¹
2021 2088 2026 2095 “

1089 2149 1152 2183 tur,
1179 2143 1228 2176 vel
1248 2144 1326 2176 alias
1345 2144 1561 2186 legium-atos,
1583 2144 1639 2188 qui
1662 2144 1704 2178 ob
1724 2144 1839 2178 melio-
1851 2155 1884 2177 ies
1905 2131 1936 2177 'im

1088 2207 1155 2229 rem
1194 2197 1276 2230 vitae
1305 2198 1443 2241 frugem,
1474 2198 1674 2241 Religionem
1712 2197 1839 2241 ingredi
1851 2192 1978 2243 {ssm‘flffi

1088 2250 1234 2293 cupiunt,
1265 2251 1438 2284 statuimus
1458 2257 1488 2284 et
1507 2251 1696 2284 ordinamus
1715 2261 1770 2284 eos
1798 2250 1840 2284 ad
1851 2248 1977 2301 {ffiefflgn
2020 2289 2021 2293 Ἰ

1088 2303 1287 2346 Religionem
1306 2304 1428 2337 admitti
1444 2315 1509 2338 non
1523 2315 1616 2349 posse
1636 2311 1693 2339 aut
1706 2305 1835 2346 debere,
1850 2315 1925 2337 nez-¹³¹.
1971 2307 1979 2330 ἵ
2016 2320 2025 2327 =·

1088 2357 1149 2390 nisi
1170 2356 1259 2400 prius
1273 2384 1280 2397 ,
1303 2357 1434 2390 illorum
1458 2359 1521 2391 vita
1541 2365 1572 2391 et
1592 2358 1738 2391 moribus
1762 2358 1838 2391 dili·
1851 2341 1981 2399 1352„ss

1087 2411 1200 2448 genter
1217 2406 1370 2449 cognitis,
1388 2413 1418 2439 ct
1437 2406 1690 2440 circumstantiis
1708 2406 1837 2451 univer·
1849 2409 1975 2461 2:22¹:ssssss

1088 2454 1142 2494 sis,
1164 2465 1247 2498 quae
1274 2455 1361 2487 circa
1382 2455 1591 2488 idoneitatem
1613 2465 1771 2500 personae
1789 2460 1977 2493 :it-spensam.

1089 2503 1267 2536 tendendae.
1287 2509 1394 2544 erunt,
1416 2503 1639 2543 consideratis,
1656 2515 1692 2537 ac
1715 2504 1755 2537 de
1773 2503 1836 2536 Re-

1088 2551 1214 2595 ligionis
1238 2552 1319 2592 zelo,
1341 2552 1474 2596 pictate,
1496 2552 1678 2595 integritate
1703 2559 1736 2585 et
1760 2552 1835 2585 doc·
1880 2591 1884 2593 ¹

1089 2601 1171 2634 trina
1203 2600 1264 2634 side
1285 2601 1390 2645 dignis
1425 2601 1615 2635 testimoniis
1639 2601 1720 2635 adeo
1745 2610 1833 2634 cum-
