2059 3228
137 255 241 286 hnic.
261 257 329 286 ¹580

138 2064 261 2090 hunuano
286 2065 328 2086 dis-

140 2099 269 2125 positionum
293 2097 328 2118 be-

143 2130 270 2150 nefiv·i‹ilium
290 2134 326 2155 pro

144 2166 242 2186 pisonis

143 2192 274 2212 cutinei-itis.

388 245 452 280 358

652 304 782 339 CXXIII.

342 383 535 417 Anmdlatio
567 382 816 425 dispositionum
841 379 1089 423 beneficialium,

387 446 466 479 quae
489 439 601 468 contra
620 435 794 468 canonicas
812 434 1006 469 sanctiones,
1027 436 1092 465 stu-

387 494 458 523 tuta
475 489 524 522 vel
542 489 717 533 apostolica
735 488 907 531 prz'vileyia
918 488 1001 531 fiunt
1017 496 1090 529 per-

384 543 473 575 sonis
488 542 666 585 prohibitis
682 546 814 586 propter
831 551 930 585 glenus
945 544 1001 573 aut
1014 540 1090 572 hae-

385 596 483 628 resim
502 599 531 629 et
550 606 569 628 α
589 596 652 639 fide
668 595 888 639 apostasiam;
902 604 973 627 cum
986 593 1091 626 decla-

384 650 524 689 ratione,
546 650 629 694 quod
647 649 690 682 ad
717 659 834 682 novam
868 648 1090 681 Romanorum

384 702 584 746 Pontificum
604 702 848 747 dispositionem
864 699 1087 745 pertineanffi.

386 791 531 829 Gregorius
551 791 691 829 episeopus
710 799 808 821 servus
825 798 966 820 servornm
984 790 1045 823 Dei.

477 847 512 875 ad
536 847 697 883 perpetuam
722 846 764 875 rei
788 845 958 874 memoriam.

381 928 416 962 In
436 928 592 970 ecclesiis,
614 927 805 973 praesertim
821 926 1014 970 insignibus,
1028 926 1090 959 hoc

138 991 321 1043 confffiissfiohu'ilm
337 993 535 1026 magnopere
560 982 740 1016 curandum
771 986 817 1014 est
841 988 873 1013 ut
906 980 1090 1013 sacerdotes

337 1042 368 1070 et
402 1046 560 1081 personae
594 1036 776 1069 salubribus
809 1035 904 1067 etiam
935 1033 1090 1066 institutis

337 1090 566 1124 convenienter
586 1090 789 1128 ordinentur,
812 1088 909 1132 quod,
932 1093 1090 1131 quantum

336 1143 370 1176 in
390 1144 483 1177 nobis
503 1149 559 1183 est,
580 1143 754 1182 enitimur;
777 1147 871 1184 atque
892 1152 946 1174 cos
966 1141 1005 1174 ab
1026 1141 1090 1174 illis

334 1197 540 1241 repellendos
560 1197 593 1229 in
618 1196 730 1241 primis
751 1195 992 1234 contendimus,
1022 1194 1090 1238 qui,

336 1255 470 1295 propter
483 1260 585 1293 genus
596 1255 649 1282 aut
663 1249 824 1282 haeresim
845 1254 875 1281 et
895 1260 911 1281 a
931 1248 995 1281 fide
1015 1258 1090 1291 apo-

337 1303 480 1343 stasiam,
502 1303 567 1336 sive
586 1303 719 1346 proprio
740 1302 805 1335 sive
825 1301 933 1345 stirpis
952 1302 1017 1334 sive
1038 1311 1090 1334 co-

336 1362 508 1401 gnatorum
520 1357 596 1390 vitio
605 1356 829 1397 contaminati,
850 1366 908 1399 per
918 1355 1091 1388 canonicas

336 1411 519 1445 sanctiones
539 1416 594 1444 aut
614 1416 731 1443 statuta
748 1411 787 1442 ab
799 1410 859 1442 hac
871 1409 951 1442 Sede
964 1409 1090 1442 firmata

336 1470 393 1499 aut
409 1465 586 1509 apostolica
606 1464 783 1508 privilegia,
799 1463 975 1507 praedictis
985 1463 1089 1505 eccle—

337 1519 392 1553 siis
411 1519 639 1563 prohibentur.
663 1518 724 1551 Sed
748 1517 854 1553 nobis,
878 1517 1090 1561 negociorum

338 1573 558 1616 magnitudine
575 1571 731 1612 distentis,
749 1571 846 1604 huius
862 1571 989 1614 generis
1008 1582 1090 1604 non-

338 1627 418 1660 nulli
439 1626 477 1659 ad
498 1625 627 1659 illarum
639 1626 817 1658 sacerdotia
838 1625 1026 1669 frequenter
1036 1625 1091 1657 ob-

339 1685 468 1724 repunt,
492 1679 576 1712 inter
596 1689 678 1723 quos
698 1678 830 1722 quidam
847 1678 1091 1712 existimationis

339 1745 415 1768 suae
440 1733 578 1778 prodigi,
611 1732 670 1765 etsi
703 1743 735 1766 se
766 1733 805 1765 ab
830 1732 894 1765 illis
920 1733 1091 1776 expulsum

340 1788 378 1821 iri
399 1788 514 1828 sciant,
537 1797 591 1832 spe
612 1792 720 1819 tamen
740 1786 931 1819 inconcussa
956 1796 1091 1829 praesu-

341 1847 434 1875 munt
449 1851 482 1874 se
502 1841 576 1874 inde
591 1840 639 1873 vel
660 1839 898 1884 permutatione.
914 1840 961 1872 vel
982 1839 1091 1882 aliquo

341 1901 434 1940 pacto
459 1894 667 1932 beneficium,
702 1893 892 1938 pensionem
921 1898 977 1926 aut
1013 1893 1092 1937 quid

341 1949 430 1982 aliud
451 1954 632 1982 exacturos.

386 2003 400 2046 ξ
420 2002 452 2035 ¹1.
474 2002 537 2035 Nos
553 2002 675 2034 malum
694 2000 768 2040 hoc,
788 2010 852 2043 quo
869 1999 972 2033 dictae
993 2000 1094 2033 eccle-

342 2054 407 2086 siae
432 2052 560 2096 saepius
579 2051 779 2089 divexantur‚
808 2048 935 2092 penitus
959 2049 1094 2082 evellere

342 2103 494 2141 volentes,
518 2099 737 2145 praesentium
757 2097 946 2131 auctoritate
980 2098 1094 2130 decer-

343 2151 451 2185 nimus
476 2161 588 2184 omnes
608 2155 639 2182 et
658 2157 881 2193 quascumque
902 2147 1096 2190 apostolicas

344 2211 471 2233 necnon
490 2201 671 2242 legatorum
692 2197 796 2230 dictae
811 2196 900 2230 Sedis
912 2201 942 2229 et
957 2195 1093 2227 aliorum

345 2249 492 2282 omnium
512 2249 552 2281 ab
572 2259 608 2281 ea
628 2247 813 2280 facultatem
829 2244 1022 2288 disponendi
1039 2244 1096 2276 lia-

346 2298 492 2330 bentium
511 2309 548 2330 ac
568 2297 664 2330 etiam
679 2294 860 2329 ordinarias
873 2293 1098 2337 dispositiones

348 2346 549 2388 dignitatum,
570 2345 843 2391 praebendarum,
865 2341 1097 2375 beneficiorum

350 2401 377 2427 ct
412 2395 593 2428 officiorum
628 2393 786 2429 eiusmodi
823 2391 1032 2426 ecclesiarum
1065 2390 1098 2422 in

373 2498 376 2502 Ι
393 2463 400 2487 1
426 2462 549 2490 Similem
573 2460 813 2494 constitutionem,
827 2467 855 2486 n.
871 2465 944 2492 xuv,
962 2461 1028 2485 tom.
1050 2463 1099 2487 vu,

351 2520 413 2548 pag.
434 2511 495 2545 533,
512 2511 597 2539 edidit
621 2511 690 2538 Pius
708 2509 740 2543 V,
769 2510 835 2536 Cum
864 2515 898 2535 ez
926 2506 1101 2541 apostolatus,-

353 2561 387 2589 de
406 2561 466 2589 aliis
489 2561 588 2595 poenis
606 2560 814 2588 haereticorum
836 2557 898 2585 vide
918 2556 946 2583 in
968 2555 1046 2583 Pauli
1069 2554 1102 2582 lv

354 2609 552 2638 constitutione
571 2616 658 2643 xxvn,
680 2609 749 2636 Cum
772 2615 806 2636 ecc
834 2605 1009 2642 apostolatus,
1034 2607 1100 2632 tom.

355 2660 392 2689 w,
408 2661 471 2689 pag.
487 2653 548 2682 55¹.

939 245 1118 271 mittamur!
1136 245 1286 269 Romnum

1103 630 1107 641 ¹
1133 626 1164 654 et
1183 631 1264 663 quae
1284 630 1322 652 ex
1342 618 1561 661 illistempore
1575 611 1881 658 dispositionisapo-

1134 307 1353 341 quascumque
1373 304 1528 341 personas
1543 293 1588 327 sic
1608 291 1751 331 intectas,
1773 295 1805 324 et
1823 299 1882 335 per

1132 350 1322 385 huiusmodi
1342 349 1523 383 sanctiones
1539 357 1596 380 seu
1611 350 1728 379 statuta
1747 344 1797 377 vel
1815 343 1883 388 pri-

1132 405 1258 448 vilegia,
1285 410 1321 437 ut
1340 403 1534 448 praefertur,
1562 399 1708 440 inabiles,
1740 397 1824 431 vires
1849 401 1882 430 et

1133 460 1281 493 effectum
1299 468 1365 491 non
1384 456 1516 496 habere,
1535 462 1754 499 personasque
1768 450 1883 485 huius-

1133 513 1220 547 modi
1254 513 1384 545 illarum
1417 519 1550 554 prorsus
1571 518 1634 541 usu
1658 511 1690 539 et
1708 504 1881 539 commodo

1133 577 1254 607 carere,
1273 564 1497 608 beneficiaque
1516 562 1586 606 ipsa
1604 566 1640 594 ut
1656 559 1747 605 prius
1757 568 1881 598 vacare,

1132 674 1264 708 stolicae
1286 671 1459 716 praedictis
1477 668 1626 714 personis
1658 666 1706 700 illi
1722 670 1883 700 reservata

1131 728 1252 760 fuerint
1266 727 1315 759 vel
1326 725 1453 764 affecta,
1468 723 1527 757 sub
1539 722 1650 756 eadem
1665 718 1883 755 reservatione

1131 782 1181 815 vel
1200 781 1368 814 affectione
1384 788 1527 812 manere.

1176 834 1241 879 §2
1265 835 1301 867 Et
1325 839 1390 866 tam
1420 832 1487 871 illa,
1518 840 1615 874 quam
1644 828 1740 862 etiam
1772 826 1882 862 omnia

1132 888 1193 921 alia
1212 898 1277 921 non
1302 891 1462 920 reservata
1481 894 1588 928 neque
1608 882 1732 923 affecta,
1753 881 1794 915 de
1807 879 1881 924 qui-
1893 859 1950 912 ἓξὲξ
1975 875 1985 917 '2
2002 883 2025 914 ›l'

1133 942 1190 974 bus
1210 941 1250 974 ab
1270 941 1338 984 ipsa
1357 940 1438 973 Sede
1459 949 1495 971 ac
1514 937 1627 980 legatis
1646 942 1678 969 et
1696 934 1767 968 aliis
1777 934 1882 968 facul·
1895 921 1986 981 1¹:222*
2012 921 2027 980 13

1131 1001 1230 1028 tatem
1251 993 1446 1027 habentibus
1466 990 1641 1036 praedictis
1652 989 1685 1022 in
1694 987 1884 1022 huiusmodi
1983 980 1985 982 ¹
2012 980 2013 983 ¹

1131 1059 1285 1093 personas
1296 1047 1604 1091 quomodocumque
1616 1042 1808 1087 dispositum
1814 1042 1884 1075 fue-

1131 1103 1184 1143 rit,
1208 1102 1249 1135 ad
1279 1111 1393 1134 novam
1435 1100 1654 1132 Romanorum
1687 1095 1883 1129 Pontificum

1131 1155 1379 1201 dispositionem
1399 1154 1563 1186 dumtaxat
1582 1150 1758 1195 pertinere,
1779 1158 1884 1192 eaque

1131 1210 1172 1243 ab
1192 1210 1264 1243 aliis
1283 1207 1409 1241 idoneis
1425 1207 1464 1240 ab
1482 1207 1551 1250 ipsa
1571 1204 1652 1238 Sede
1671 1204 1836 1237 dumtaxat
1845 1201 1884 1236 li-

1130 1264 1208 1297 bere
1221 1261 1388 1306 impetrari
1394 1270 1499 1305 posse.
1507 1258 1754 1303 Impetrationes
1760 1261 1882 1298 tamen,

1131 1329 1168 1351 ac
1188 1317 1284 1351 etiam
1305 1320 1393 1348 motu
1413 1313 1547 1358 proprio
1567 1310 1804 1352 concessiones,
1820 1309 1883 1343 nisi

1131 1371 1247 1405 modus
1259 1368 1436 1404 vacationis
1455 1377 1583 1401 necnon
1601 1376 1693 1399 casus
1712 1375 1750 1398 ac
1767 1364 1884 1398 decre-

1130 1431 1199 1459 tum
1224 1423 1422 1464 huiusmodi,
1449 1432 1515 1455 non
1539 1418 1802 1454 conditionaliter
1827 1423 1885 1452 aut

1132 1490 1190 1522 per
1209 1477 1445 1521 aequipollens,
1464 1474 1518 1508 sed
1533 1473 1676 1512 definite,
1690 1471 1883 1505 nominatim

1132 1543 1168 1566 ac
1189 1531 1374 1576 dispositive
1387 1530 1418 1562 in
1431 1529 1494 1562 illis
1502 1526 1740 1571 exprimantur,
1748 1524 1884 1561 omnino

1131 1596 1196 1619 non
1213 1586 1331 1618 valere.
1353 1584 1400 1616 Ab
1420 1580 1592 1615 ordinariis
1614 1589 1702 1620 vero,
1729 1577 1884 1613 cessanti-

1131 1641 1192 1673 bus
1203 1636 1475 1672 reservationibus
1493 1635 1543 1668 vel
1563 1632 1786 1667 affectionibus
1804 1641 1884 1676 apo-

1132 1693 1267 1733 stolicis,
1281 1702 1340 1736 pro
1360 1697 1507 1734 tempore
1519 1688 1649 1727 coilata,
1670 1684 1882 1725 devolutioni,

1132 1748 1221 1781 iuxta
1232 1744 1454 1780 Lateranensis
1476 1747 1594 1776 statuta
1610 1739 1752 1781 concilii,
1774 1738 1884 1773 subia-

1134 1813 1224 1842 cere;
1251 1811 1311 1834 nec
1328 1809 1393 1833 non
1413 1797 1543 1831 irritum
1563 1801 1594 1829 et
1613 1795 1710 1828 inane
1728 1793 1886 1838 quicquid

1134 1866 1226 1889 secus
1246 1864 1304 1899 per
1315 1860 1550 1897 quoscumque,
1566 1848 1707 1882 scienter
1725 1847 1776 1881 vel
1794 1847 1887 1890 iguo-

1134 1915 1252 1949 muter,
1259 1906 1429 1950 contigerit
1435 1903 1596 1938 attentari.
1607 1900 1887 1935 Reservationibus

1134 1963 1320 2008 apostolicis
1343 1962 1521 1998 fructuum,
1543 1956 1737 2002 pensionum
1757 1960 1791 1988 et
1809 1954 1887 1989 alia-

1135 2028 1209 2050 rum
1232 2025 1342 2049 rerum
1367 2010 1554 2046 huiusmodi
1577 2008 1826 2049 beneficiorum,
1851 2007 1886 2041 in

1135 2079 1290 2114 personas
1298 2068 1442 2106 idoneas,
1455 2065 1551 2098 etiam
1563 2063 1602 2096 de
1616 2060 1886 2095 huiusmodicon-

1137 2123 1366 2157 taminatorum
1381 2129 1553 2158 consensu,
1576 2116 1681 2157 factis,
1699 2107 1887 2158 eisdemque

1137 2179 1176 2211 ab
1201 2177 1263 2210 illis
1287 2175 1417 2209 interim
1442 2171 1602 2218 praestitis
1620 2170 1670 2204 vel
1689 2168 1814 2210 solutis,
1834 2166 1886 2201 ni-

1139 2230 1314 2265 hilominus
1331 2227 1488 2261 valituris.
1510 2226 1609 2259 Nemo
1633 2228 1740 2257 autern
1760 2222 1888 2266 ignora-

1138 2285 1259 2318 tionem
1284 2287 1472 2327 praetexens
1494 2279 1596 2312 valeat
1619 2275 1777 2315 excusari,
1812 2283 1887 2307 cum

1140 2343 1322 2388 praedictae
1346 2338 1582 2385 prohibitiones
1605 2335 1681 2369 satis
1700 2332 1888 2367 manifestae

1141 2403 1212 2442 siut,
1233 2407 1262 2434 et
1283 2400 1418 2443 quisque
1437 2403 1510 2430 ante
1529 2394 1720 2440 petitionem
1731 2392 1781 2425 vel
1792 2399 1888 2424 acce-

1141 2460 1319 2506 piationem
1338 2455 1573 2491 beneficiorum
1592 2448 1792 2490 huiusmodi,
1808 2457 1888 2482 num

1143 2520 1274 2553 illorum
1292 2527 1391 2561 capax
1403 2515 1454 2556 sit,
1467 2513 1584 2548 debeat
1596 2521 1629 2545 se
1639 2509 1789 2555 probare.
1801 2504 1888 2540 Nulli

1144 2589 1220 2622 ergo
1245 2582 1303 2611 etc.

1188 2634 1300 2669 Datum
1325 2633 1444 2667 Romae
1467 2629 1553 2675 apud
1573 2628 1726 2662 Sanctum
1744 2623 1888 2661 Petrum,
