2059 3228
374 200 438 236 470
922 197 1101 226 antuman
1118 197 1269 223 nomnen
1834 206 1835 209 =
1876 203 1936 236 An]
1944 181 1978 235 Gi

134 218 186 247 An.
201 217 231 248 C.
249 218 315 248 1584

173 2113 256 2133 Erectio
266 2112 318 2133 ro!-

136 2142 182 2168 egn
193 2143 317 2164 Montensis.

331 274 379 304 eo,
395 272 460 306 quo
477 265 550 294 ante
571 254 796 292 commendam
810 253 912 300 ipsam
931 254 1076 295 vacabat,

330 318 427 351 modo
459 324 573 347 vacare
603 315 756 345 noscatur
785 309 825 343 ad
853 317 1026 353 praesens3
1048 311 1079 340 et

330 371 415 404 sicut
439 366 647 401 charissimus
666 365 700 399 in
719 363 843 398 Christo
860 363 946 396 filius
968 367 1079 395 noster

331 423 499 466 Philippus
518 418 746 463 Hispaniarum
758 429 813 451 rex
825 417 1001 451 catholicus
1021 424 1079 449 no-

329 476 379 510 bis
399 485 504 518 nuper
517 472 672 517 exposuit,
691 472 758 516 ipse
771 470 978 505 considerans
995 469 1079 503 chri-

330 529 466 563 stianam
487 527 677 570 religionem
698 526 730 559 in
750 524 895 558 inferiori
907 523 1078 558 Germania

328 582 379 617 his
399 581 595 616 turbulentis
615 585 646 614 et
667 579 861 613 calamitosis
875 578 1078 622 temporibus

328 648 394 670 non
405 647 521 681 parum
535 634 758 668 labefactatam
771 643 850 674 esse,
864 632 1078 677 perspiciens·

329 702 391 735 que
411 689 616 735 presbyteros
635 699 672 722 ac
695 687 773 721 alias
793 696 948 731 personas
968 685 1077 719 Socie-

329 744 402 778 tatis
421 744 503 785 Iesu,
526 743 551 776 si
571 742 652 775 inibi
663 741 918 781 introducantur,
940 751 976 773 ex
995 740 1076 773 ube-

327 798 418 830 ribus
442 797 612 838 fructibus,
632 805 713 840 quos
732 794 765 827 in
782 794 862 835 dies,
887 798 952 827 tam
973 793 1006 826 in
1026 793 1076 826 iu-

327 856 457 885 ventute
474 850 568 884 bonis
587 849 733 882 moribus
744 847 931 888 imbuenda,
943 846 1077 880 etsimul

328 915 402 939 cum
423 903 581 949 pietatein
591 902 781 937 liberalibus
790 899 971 945 disciplinisv
989 910 1078 933 exer-

328 959 440 1000 cenda,
459 969 557 1002 quam
577 957 667 998 alias,
690 957 723 989 in
742 956 835 989 vinea
854 954 980 988 Domini
1006 964 1077 998 pas·

327 1013 387 1046 sim
412 1012 592 1056 producere
616 1011 732 1051 solent,
758 1009 798 1042 ad
819 1009 920 1053 ipsam
936 1007 1076 1049 Religio-

327 1077 401 1100 nem
421 1065 663 1099 restaurandam
694 1068 725 1097 et
758 1067 967 1096 restauratam
998 1071 1076 1093 con-

325 1119 513 1153 servandam
525 1118 663 1151 maxime
680 1116 869 1161 profuturos
891 1125 976 1154 essc;
1003 1124 1076 1158 pro-

326 1179 437 1217 pterea
452 1172 485 1205 in
506 1172 592 1205 dicto
613 1171 745 1216 oppido,
768 1169 856 1213 quod
868 1169 994 1212 insigne
1014 1173 1074 1206 est,

326 1237 428 1260 unum
454 1226 628 1268 collegium
649 1225 752 1258 dictae
776 1222 944 1257 Societatis
963 1232 1078 1267 perpe-

329 1288 384 1315 tuo
405 1281 498 1324 erigi,
527 1281 638 1324 illique
658 1280 703 1313 sic
729 1279 894 1323 erigendo,
925 1289 984 1323 pro
1009 1277 1095 1312 eius,

327 1335 546 1369 stabilimento
557 1345 594 1368 ac
606 1334 917 1367 introducendorum
942 1331 1078 1365 rectoris
1095 1349 1096 1354 =

327 1399 365 1422 ac
389 1388 605 1431 collegialium
631 1387 872 1427 sustentatione,
898 1386 1078 1430 prioratum

328 1442 529 1486 praedictum
547 1445 704 1486 perpetuo
724 1441 809 1473 uniri
827 1440 1005 1484 plurimum
1025 1440 1079 1473 de-

329 1495 465 1537 siderat;
491 1506 591 1539 quare
611 1495 714 1528 dictus
740 1494 908 1538 Philippus
933 1504 997 1533 rex,
1027 1503 1099 1529 as-;

329 1560 440 1584 serens
470 1549 615 1583 eiusdem
646 1549 809 1592 prioratus
829 1559 866 1581 ac
896 1548 941 1580 illi
971 1548 1080 1581 forsan

328 1614 529 1638 annexorum
549 1604 686 1643 fructus,
713 1603 857 1636 redditus
884 1608 912 1634 et
942 1612 1078 1646 proven-

329 1663 379 1691 tus
398 1662 559 1692 trecentos
579 1657 713 1690 ducatos
733 1656 804 1689 auri
825 1656 863 1689 de
884 1656 1017 1689 Camera
1032 1666 1081 1689 se-

330 1712 471 1746 cundum
491 1722 697 1745 communem
717 1710 971 1744 aestimationem
991 1710 1079 1743 valo-

329 1776 397 1800 rem
406 1776 551 1799 annuum
562 1776 627 1798 non
638 1766 802 1805 excedere,
811 1765 904 1798 nobis
914 1764 1081 1797 humiliter

331 1818 507 1864 supplicari
536 1819 611 1853 fecit
641 1825 800 1862 quatenus
828 1818 896 1851 eius
916 1818 969 1862 pio
996 1817 1080 1851 desi-

330 1874 421 1907 derio
443 1884 598 1914 annuere,
620 1873 765 1916 aliasque
779 1873 810 1905 in
826 1871 1008 1916 praemissis
1021 1882 1080 1915 op-

330 1932 469 1972 portune
488 1927 658 1972 providere
679 1927 717 1960 de
736 1926 934 1969 benignitate
952 1930 1081 1969 aposto-

331 1982 393 2015 lica
412 1981 632 2024 dignaremur.

376 2035 391 2079 ἓ
411 2035 443 2068 2.
469 2035 532 2068 Nos
556 2034 667 2077 igitur,
694 2033 750 2077 qui
775 2033 897 2066 dudum
922 2033 1005 2065 inter
1020 2032 1081 2065 alia

331 2089 494 2122 voluimus
513 2088 600 2132 quod
625 2092 768 2131 petentes
792 2086 949 2119 beneficia
977 2086 1101 2119 eccle-·

332 2142 460 2175 siastiea
485 2141 554 2174 aliis
576 2141 672 2181 uniri,
694 2146 881 2173 tenerentur
901 2139 1081 2183 exprimere

334 2206 447 2228 verum
465 2206 610 2228 annuum
623 2194 777 2235 valorem,
792 2193 969 2226 secundum
989 2192 1082 2225 aesti-

334 2249 507 2282 mationem
524 2248 730 2293 praedictam,
743 2247 839 2280 etiam
865 2245 1012 2279 beneficii
1029 2245 1080 2278 cui

334 2302 422 2335 aliud
446 2302 532 2335 uniri
554 2307 730 2346 peteretur,
756 2299 900 2344 alioquin
920 2299 997 2332 unio
1017 2309 1081 2332 non

334 2357 463 2397 valeret,
488 2367 526 2389 ac
545 2366 672 2399 semper
691 2355 723 2388 in
744 2353 918 2388 unionibus
933 2353 1082 2387 commis-

335 2405 381 2438 sio
403 2405 493 2438 ‘ieret
512 2405 551 2437 ad
577 2411 694 2449 partes,
720 2404 838 2438 voeatis
865 2413 1004 2446 quorum
1032 2402 1082 2434 in-

337 2459 444 2494 terest,
475 2454 663 2497 religiosum
698 2464 734 2486 ac
764 2453 888 2486 fervens
908 2452 986 2485 dicti
1006 2452 1082 2484 Phi-

335 2502 415 2546 lippi
437 2504 519 2546 regis
533 2503 562 2536 in
583 2504 644 2536 hoc
665 2513 762 2547 opere
782 2501 997 2546 aggredIOndo
1016 2506 1081 2533 stu-

336 2550 426 2583 dium
453 2562 631 2594 propensae
661 2551 835 2584 roluntatis
859 2551 974 2584 affectu
1006 2560 1082 2594 pro-

336 2599 426 2642 sequi
447 2600 608 2640 volcinos;
630 2600 799 2644 ipsumque
823 2599 1009 2643 Philippum
1035 2608 1084 2631 re-

1117 263 1189 296 gem
1208 263 1227 286 a
1246 252 1411 296 quibusvis
1431 254 1783 298 excommunicationis,
1794 265 1863 289 sus-

1117 306 1282 351 pensionis
1302 312 1334 341 et
1356 306 1521 341 interdicti
1541 308 1674 352 aliisque
1708 310 1862 344 ecclesia-

1117 360 1204 394 sticis
1218 361 1398 403 sententiis,
1418 361 1561 395 censuris
1574 368 1605 396 et
1615 363 1739 407 poenis,
1759 374 1777 397 a
1791 363 1862 397 iure

1116 415 1165 448 vel
1176 415 1215 448 ab
1232 415 1378 457 homine,
1392 416 1503 460 quavis
1513 417 1684 451 occasione
1696 418 1745 451 vel
1754 428 1862 459 causa,

1117 469 1199 510 latis,
1220 469 1246 502 si
1274 469 1392 514 quibus
1417 469 1660 514 quomodolibet
1692 471 1864 506 innodatus

1117 522 1233 564 existit,
1260 523 1299 556 ad
1319 523 1470 557 effectum
1489 524 1707 568 praesentium
1736 525 1863 571 dumta-

1117 581 1169 610 xat
1191 577 1469 620 consequendum,
1500 578 1615 611 harum
1648 578 1730 611 serie
1757 579 1862 612 absol·

1116 635 1223 664 ventes
1243 636 1273 664 et
1292 631 1475 664 absolutum
1495 631 1563 665 fore
1583 637 1760 673 censenteS,
1786 642 1862 665 nec-

1116 695 1180 717 non
1197 695 1308 718 verum
1329 689 1360 718 et
1379 684 1531 718 ultimum
1545 684 1621 718 dicti
1637 685 1799 730 prioratus
1813 696 1865 719 va-

1116 738 1250 772 cationis
1266 739 1412 780 modum,
1435 738 1559 772 etiamsi
1587 750 1623 772 ex
1651 739 1707 773 illo
1733 739 1864 783 quaevis

1115 791 1273 836 generalis
1292 792 1478 834 reservatio,
1499 792 1593 826 etiam
1614 792 1647 826 in
1667 792 1864 837 corporeiu-

1116 846 1159 879 ris
1179 845 1299 887 clausa,
1322 856 1387 879 non
1407 850 1516 880 tamen
1544 857 1602 890 per
1627 846 1753 880 obitum
1776 847 1864 891 apud

1115 899 1229 933 Sedem
1255 899 1484 944 Apostolicam,
1510 900 1657 941 resultet,
1684 900 1863 944 praesenti-

1115 955 1176 987 bus
1200 965 1259 998 pro
1295 964 1445 997 expresso
1476 954 1643 995 habentes,
1676 954 1863 989 huiusmodi

1115 1008 1409 1052 supplicationibus
1423 1007 1581 1050 inclinati,
1599 1008 1631 1040 in
1646 1008 1732 1042 dicto
1743 1009 1863 1054 oppido

1115 1068 1145 1095 et
1165 1062 1298 1096 aedibus
1319 1062 1363 1095 ibi
1383 1063 1423 1096 ad
1443 1062 1505 1095 hoc
1530 1062 1733 1106 designandis
1759 1073 1862 1097 unum

1115 1116 1289 1159 collegium
1309 1116 1412 1149 dictae
1429 1116 1596 1150 Societatis
1626 1128 1701 1150 cum
1727 1118 1864 1152 ecclesia

1115 1181 1171 1203 seu
1191 1170 1338 1214 cappella
1355 1175 1386 1203 et
1405 1169 1541 1203 officinis
1550 1170 1740 1205 necessariis
1756 1182 1794 1205 ac
1809 1182 1864 1216 op-

1116 1224 1274 1269 portunis,
1304 1224 1345 1258 ad
1372 1224 1471 1257 instar
1505 1229 1688 1258 ceterorum
1719 1225 1862 1260 eiusdem

1115 1277 1284 1312 Societatis
1315 1278 1539 1321 collegiorum,
1570 1278 1617 1311 uti
1644 1278 1800 1323 praedicti
1823 1290 1862 1325 ‘ac

1115 1332 1254 1365 aliorum
1280 1331 1583 1366 circumvicinorum
1608 1332 1802 1377 oppidorum
1831 1340 1863 1368 et

1115 1387 1261 1419 locorum
1288 1386 1437 1419 iuventus
1460 1385 1493 1418 in
1513 1386 1606 1420 bonis
1626 1387 1744 1421 litteris
1763 1388 1862 1421 mori-

1114 1439 1240 1482 busque
1266 1445 1298 1472 et
1321 1439 1440 1483 pietate
1466 1439 1560 1472 simul
1598 1440 1798 1482 instituatur,
1827 1452 1863 1474 ac

1114 1493 1249 1526 verbum
1262 1492 1317 1526 Dei
1329 1493 1549 1537 praedicetur,
1566 1494 1693 1538 aliaque
1702 1495 1754 1538 pia
1766 1506 1864 1539 opera

1116 1552 1338 1587 exerceantur,
1361 1557 1398 1580 ac
1414 1546 1492 1580 alias
1503 1547 1590 1580 iuxta
1598 1552 1719 1581 statuta
1730 1559 1768 1582 ac
1785 1559 1863 1582 con-

1116 1600 1303 1634 suetudines
1340 1600 1441 1644 ipsius
1478 1600 1647 1634 Societatis
1681 1611 1739 1645 per
1773 1612 1862 1647 pres-

1116 1656 1244 1698 byteros
1264 1653 1409 1687 eiusdem
1421 1653 1590 1688 Societatis
1610 1654 1644 1687 in
1663 1655 1814 1689 omnibus
1833 1662 1860 1688 rt

1117 1719 1175 1752 per
1194 1708 1303 1742 omnia
1331 1708 1510 1751 regendum
1541 1713 1574 1742 et
1603 1709 1862 1752 gubernandum,

1117 1762 1294 1806 apostolica
1326 1762 1532 1803 auctoritate,
1563 1768 1676 1796 tenore
1711 1774 1863 1807 praesen-

1118 1817 1213 1858 tium,
1232 1816 1301 1850 sine
1318 1816 1454 1850 alicuius
1473 1816 1683 1861 praeiudicio,
1705 1822 1864 1862 perpetuo

1118 1870 1271 1913 erigimus
1287 1876 1319 1904 et
1338 1870 1554 1911 instituimus3
1567 1870 1678 1914 illique
1699 1871 1744 1904 sic
1755 1876 1863 1905 erecto

1118 1930 1149 1957 et
1175 1924 1335 1964 instituio,
1358 1935 1395 1958 ac
1415 1935 1474 1968 pro
1494 1930 1640 1968 tempore
1655 1925 1865 1959 existentibus

1120 1977 1206 2010 illius
1226 1978 1346 2011 rectori
1372 1983 1404 2011 et
1423 1978 1657 2022 collegialibus‚
1685 1979 1866 2023 ceterisque

1118 2031 1274 2075 personis,
1297 2032 1383 2075 quod
1408 2031 1559 2065 omnibus
1584 2038 1615 2066 et
1639 2032 1773 2077 singulis
1796 2033 1864 2078 pri·
1904 2022 1907 2026 ¹

1118 2085 1252 2127 vilegiis,
1286 2085 1557 2130 exemptionibus,
1594 2086 1864 2127 immunitatibus,

1120 2139 1362 2182 praerogativis,
1404 2139 1677 2181 concessionibuS,
1717 2140 1863 2180 indultis,

1120 2192 1339 2235 indulgentiis,
1377 2193 1558 2236 ceterisque
1588 2193 1811 2236 spiritualibus
1834 2200 1865 2227 ct

1121 2246 1355 2289 temporalibus
1378 2246 1500 2289 gratiis,
1528 2246 1647 2291 quihus
1675 2253 1782 2280 cetera
1809 2247 1866 2281 So-

1121 2299 1245 2333 cietatis
1258 2299 1443 2333 huiusmodi
1460 2300 1595 2344 collegia
1610 2311 1788 2345 eorumque
1799 2311 1866 2334 rec-

1122 2359 1218 2393 tores7
1235 2353 1417 2396 collegiales
1430 2359 1462 2386 et
1473 2354 1552 2387 aliae
1566 2364 1722 2397 personae
1732 2354 1771 2387 de
1782 2354 1862 2394 iure,

1121 2413 1180 2435 usu
1202 2408 1234 2436 et
1258 2402 1490 2436 consuetudine
1511 2403 1556 2435 vel
1585 2402 1662 2436 alias
1686 2404 1864 2447 quomodo-

1121 2451 1199 2484 libet
1210 2458 1359 2491 utuntur,
1383 2452 1545 2491 fruuntur,
1559 2452 1771 2495 potiunturet
1789 2462 1865 2495 gau-

1122 2500 1210 2541 dent,
1233 2511 1269 2533 ac
1290 2501 1347 2539 uti,
1370 2501 1443 2541 frui,
1467 2501 1562 2543 potiri
1588 2506 1620 2534 ct
1639 2501 1778 2544 gaudere
1794 2511 1865 2544 pos·

1123 2554 1198 2581 sunt
1221 2554 1253 2581 et
1273 2555 1426 2592 polet-imi
1445 2549 1689 2592 quomodolibet
1717 2549 1748 2582 in
1778 2549 1863 2583 futu-

1123 2607 1208 2638 rum,
1236 2608 1273 2631 ac
1293 2598 1413 2639 absque
1434 2598 1498 2630 ulla
1520 2607 1650 2642 prorsus
1669 2597 1861 2636 differentia,
