2059 3228
156 249 205 278 An.
221 251 248 279 C.
270 252 335 280 ¹5⁸6

394 240 455 274 758
940 244 1118 268 BL‘LLARIL'M
1144 245 1291 269 noxiiiivuii

347 302 408 334 lius
428 300 466 332 ad
482 298 615 331 verbum
637 298 777 339 insertis,
795 303 850 331 aut
864 297 984 331 vocatis
999 302 1028 330 ct
1042 308 1095 330 au·
1112 295 1120 352 [
1136 296 1207 329 vina
1230 296 1433 340 providentia
1451 297 1652 338 commissae,
1672 297 1740 331 dies
1753 302 1880 331 noctes-

347 354 422 386 ditis
441 352 478 385 iis
494 362 634 395 quorum
645 351 785 391 interest,
801 352 849 384 vel
865 351 952 391 alias,
964 361 1024 395 pro
1039 361 1092 384 eo·
1135 359 1196 392 que
1207 349 1414 392 suscipimus,
1432 348 1463 382 id
1475 349 1676 393 potissimum
1688 349 1780 383 nobis
1790 350 1879 383 cordi

346 416 418 438 rum
439 405 610 438 sufficienti
636 404 856 447 derogatione,
877 405 1008 448 quaevis
1032 404 1092 437 alia
1135 408 1178 435 nst
1195 408 1229 435 ut
1242 402 1446 436 subditorum
1466 403 1497 436 S.
1519 402 1556 436 R.
1579 403 1614 436 E.
1637 404 1814 437 commodis
1825 415 1880 448 pa-

345 459 505 503 expressio
533 469 588 492 seu
618 459 721 492 forma
746 459 941 502 requiratur,
964 458 1091 491 illorum
1136 463 1223 489 lerna
1251 457 1383 490 caritate
1409 462 1440 490 et
1467 457 1646 500 praecipua
1677 458 1816 501 quadam
1842 463 1880 492 ao

343 518 472 545 tenores
492 522 550 556 pro
571 512 727 556 expressis
746 522 783 545 ac
804 512 842 545 de
856 511 952 545 verbo
973 512 1012 544 ad
1027 523 1093 545 ver-
1132 510 1285 554 singulari
1305 509 1469 553 vigilantia
1489 510 1712 550 consulamus,
1733 512 1820 554 quod
1838 511 1879 544 il-

342 566 419 598 bum
441 565 581 605 insertis,
604 570 634 598 et
654 566 790 598 sormam
816 576 875 610 pro
895 572 1018 600 servata
1037 566 1092 598 ha-
1133 564 1189 604 los,
1213 564 1303 607 quasi
1323 569 1450 597 nostros
1482 564 1664 608 peculiares
1698 563 1887 609 eximieque¹

340 618 464 659 limites,
488 619 561 659 illis,
584 619 691 662 quoad
711 619 894 663 reliqua‚in
905 630 962 652 suo
974 620 1090 652 robore

340 673 572 717 permansuris,
605 673 645 706 ad
678 673 828 706 effectum
859 673 1089 717 praesentium,

341 726 503 759 dumtaxat
524 732 615 760 motu
639 727 710 771 pari
731 726 937 770 derogamus,
960 733 1087 761 contra-

340 779 396 812 riis
416 780 695 824 quibuscumque3
719 791 776 814 seu
801 780 826 825 si
853 780 973 814 eisdem
999 781 1088 825 capi-

340 833 426 873 tulis,
451 834 651 868 beneficiatis
668 840 697 867 et
718 833 833 867 ceteris
848 834 1020 878 praedictis
1039 835 1087 868 vel

338 886 503 929 quibusvis
523 887 605 928 aliis,
633 888 850 921 communiter
869 893 924 921 aut
948 888 1084 928 divisim,

338 940 377 973 ab
397 940 508 974 eadem
530 940 569 974 sit
589 941 671 974 Sede
692 941 854 974 indultum
874 941 960 985 quod
990 941 1086 974 inter-

337 993 420 1035 dici,
454 994 606 1039 suspendi
638 995 687 1028 vel
716 995 991 1028 excommunicari
1021 1006 1085 1029 non

335 1047 458 1091 possint
488 1059 546 1092 per
574 1048 694 1081 litteras
723 1049 915 1093 apostolicas
940 1059 1005 1082 non
1039 1050 1085 1082 fa-

337 1100 456 1134 cientes
476 1101 604 1144 plenam
625 1107 655 1134 et
675 1112 858 1145 expressam
877 1112 913 1135 ac
933 1102 972 1135 de
988 1103 1085 1135 verbo

335 1155 377 1190 ad
393 1155 527 1187 verbum
549 1155 587 1187 de
607 1155 732 1189 indulto
745 1155 932 1189 huiusmodi
951 1156 1086 1190 mentio·

335 1218 422 1242 nem.

378 1263 492 1295 Datum
513 1262 633 1296 Romae
653 1263 740 1308 apud
771 1263 802 1296 S.
835 1263 990 1305 Marcum,
1023 1265 1084 1299 sub

333 1316 454 1348 annulo
483 1316 664 1357 piscatoris,
700 1317 753 1350 die
785 1327 858 1350 mv
893 1318 1084 1362 septembris

287 1368 289 1371 '
332 1379 501 1410 mntxxxw,
524 1371 731 1414 pontificatus
751 1371 852 1405 nostri
873 1382 958 1405 anno
978 1382 1012 1406 11.

363 1427 426 1457 Dat.
448 1427 495 1458 die
508 1429 546 1459 ⁶24
562 1433 685 1468 septem.
698 1429 787 1467 1586,
807 1430 910 1470 pontif.
922 1440 999 1461 anno
1015 1439 1046 1462 11.

653 1604 754 1638 LXIII.

332 1702 588 1736 Commmzitates
605 1703 718 1737 Status
735 1700 956 1738 Ecclesz'assv'tici
971 1717 1032 1748 pro
1047 1717 1080 1739 α-

373 1757 428 1789 liis
452 1758 622 1799 obliquum,
654 1757 745 1799 infra
765 1768 890 1791 annum
910 1759 949 1791 ab
969 1770 1077 1792 earum

373 1811 621 1853 obtiqatiom‘bus
639 1811 816 1844 liberentur
826 1823 840 1851 ,·
863 1816 892 1844 et
919 1813 956 1844 dc
980 1817 1080 1845 cetero

367 1874 428 1907 pro
448 1864 525 1896 aliis
543 1874 575 1896 se
595 1864 736 1907 obligare
755 1869 783 1897 et
804 1875 912 1897 comm
941 1866 1023 1899 bona
1045 1877 1080 1899 α-

372 1918 495 1950 licitare
525 1929 574 1959 ac,
593 1922 820 1962 praeterquam
840 1920 968 1952 ratione
994 1920 1078 1953 lot-a-

375 1971 490 2011 la'oni's,
507 1972 661 2014 obliqui·e;
677 1973 722 2004 vel
737 1977 878 2005 oratores
901 1974 1078 2015 sumptibus

371 2024 508 2067 publicis
549 2025 591 2058 ad
626 2025 820 2068 Pontificem
862 2027 988 2060 titillet-c
1027 2038 1078 2061 ne-

372 2083 491 2121 queant
508 2079 534 2111 ¹.

346 2181 443 2210 sixtus
463 2188 534 2218 papa
552 2182 582 2215 V.
602 2182 636 2211 ad
654 2183 812 2219 perpetuam
827 2182 869 2211 rei
889 2183 1056 2211 memoriam.

372 2276 568 2310 Intervarias
577 2287 612 2310 ac
629 2277 826 2322 multiplices
842 2277 1077 2311 sollicitudines

231 2350 270 2362 .....
302 2332 420 2374 'quas,
455 2341 514 2375 pro
549 2330 715 2364 communi
745 2331 879 2364 utilitate
911 2332 1076 2364 universae

327 2383 524 2418 christianae
543 2384 756 2429 reipublicae,
774 2390 903 2419 nostrae
915 2395 1013 2418 curae
1027 2385 1075 2418 di-

320 2463 324 2469 ’
365 2474 375 2499 1
396 2472 536 2501 Consonat
551 2479 640 2501 const.
662 2479 730 2500 xviii
747 2473 786 2501 Pii
801 2473 844 2508 lv,
858 2477 933 2501 tomo
943 2480 993 2506 vu,
1005 2481 1032 2508 p.
1043 2473 1077 2500 65

329 2517 357 2543 in
373 2525 428 2551 qua
440 2518 584 2553 decrevit,
604 2518 788 2546 vassallorum
816 2518 1002 2553 obligationes
1026 2525 1076 2553 pro

329 2568 429 2588 eorum
440 2561 561 2590 dominis
581 2569 643 2590 esse
659 2563 762 2597 nullas,
779 2563 966 2597 dominosque
987 2562 1074 2590 teneri

330 2605 463 2632 vassallos
478 2606 512 2633 al)
532 2606 747 2641 obligationibus
771 2614 822 2641 pro
845 2607 886 2634 eis
907 2606 988 2635 sactis
1002 2607 1075 2635 rele-

308 2644 310 2646 ’
330 2655 407 2684 vare,
425 2653 451 2676 et
466 2651 602 2684 pecunias
615 2650 721 2679 solutas
740 2651 902 2686 restituere,

1130 628 1221 650 raros
1242 624 1269 650 et
1291 623 1441 662 acceptos
1457 628 1494 651 ac
1514 628 1591 661 prae
1611 616 1725 650 ceteris
1741 617 1879 652 ’dilectos

1129 671 1212 703 tilios
1232 671 1264 704 in
1285 677 1427 704 nostram
1448 671 1631 704 clientelam
1653 681 1689 704 ac
1713 671 1810 704 fidem
1828 681 1878 705 re-

1129 731 1251 768 ceptos,
1278 725 1410 769 speciali
1434 725 1573 769 quadam
1600 731 1631 758 et
1658 725 1792 770 propria
1819 737 1876 771 pa-

1128 779 1208 811 terni
1233 779 1353 812 amoris
1372 779 1594 823 praerogativa
1618 780 1788 824 complecti
1822 791 1876 814 ae-

1126 844 1226 876 quum
1248 844 1429 873 censemus.

1169 887 1184 930 ξ
1207 886 1238 918 i.
1261 886 1376 927 Quare,
1409 896 1483 919 cum
1505 897 1559 919 eos
1583 886 1622 919 ab
1647 887 1733 920 omni
1755 887 1874 922 iniuria

1125 945 1155 974 et
1170 939 1320 973 violentia
1341 946 1428 974 tutos
1448 945 1480 973 et
1500 941 1626 974 illaesos
1645 940 1820 975 defendere
1843 947 1874 976 et

1124 994 1287 1027 custodire
1317 1006 1375 1039 pro
1404 994 1525 1028 viribus
1553 995 1751 1036 studeamus,
1779 995 1873 1029 sicuti

1123 1048 1162 1080 ad
1184 1048 1214 1080 id
1234 1049 1281 1081 vel
1302 1049 1341 1081 ab
1362 1048 1453 1082 initio
1474 1048 1574 1081 nostri
1595 1048 1802 1092 pontificatus
1813 1059 1870 1093 op-
1884 1042 1893 1050 ⁴

1125 1107 1263 1145 portuna
1283 1102 1425 1135 remedia
1445 1113 1670 1146 quaecumque
1691 1102 1868 1147 potuimuS,

1123 1165 1188 1188 non
1219 1155 1288 1188 sine
1314 1166 1429 1198 magno
1463 1156 1583 1194 fructu,
1605 1155 1668 1188 Deo
1694 1162 1868 1197 annuente,

1124 1209 1394 1253 comparavimus;
1428 1209 1469 1241 ita
1503 1209 1599 1242 etiam
1633 1209 1720 1243 nunc
1755 1209 1870 1244 eodem
1910 1253 1915 1259 ι

1123 1274 1197 1307 erga
1221 1263 1293 1296 ilios
1312 1263 1438 1307 pietatis
1458 1263 1575 1296 affectu
1602 1264 1753 1308 permoti,
1780 1264 1871 1298 duxi-

1124 1328 1194 1350 inus
1213 1317 1301 1350 omni
1316 1316 1422 1350 studio
1443 1317 1682 1351 occurrendum
1702 1317 1784 1352 dolis
1803 1318 1869 1351 cal-

1123 1371 1261 1404 lidorum
1293 1370 1475 1411 bominum,
1498 1371 1565 1415 qui,
1584 1371 1716 1415 privatis
1735 1372 1802 1406 suis
1821 1372 1870 1406 lu·

1123 1425 1183 1458 cris
1203 1424 1329 1465 intenti,
1350 1425 1542 1469 plerumque
1563 1435 1736 1459 commune
1745 1425 1867 1460 bonum

1130 1491 1157 1513 tc
1177 1479 1339 1523 publicam
1360 1484 1543 1512 nostrarum
1564 1479 1728 1513 civitatum
1752 1485 1784 1513 et
1809 1491 1868 1524 op-

1123 1533 1273 1578 pidorum
1301 1532 1471 1566 utilitatem
1492 1544 1556 1566 non
1577 1533 1784 1567 mediocriter
1801 1534 1868 1567 lae-

1121 1587 1210 1621 dunt.
1239 1587 1397 1626 Quoniam
1415 1597 1490 1620 vero
1514 1587 1547 1620 in
1568 1592 1634 1620 tota
1653 1587 1720 1621 sere
1745 1587 1868 1621 ditione

1124 1646 1151 1675 :t
1179 1641 1270 1675 Statu
1295 1640 1466 1685 temporali
1490 1641 1588 1674 huius
1611 1640 1746 1675 Sanctae
1778 1641 1868 1675 Sedis

1123 1706 1235 1728 ziravus
1254 1695 1386 1728 inolevit
1410 1695 1540 1735 abusus,
1565 1700 1598 1728 ut
1620 1695 1812 1740 plerumque
1829 1706 1866 1728 ex

1122 1748 1298 1789 levissimis,
1312 1748 1445 1793 minime
1466 1748 1658 1782 necessariis
1678 1759 1782 1793 neque
1802 1748 1866 1782 uti-

1121 1803 1213 1843 libus,
1240 1813 1276 1836 ac
1289 1803 1395 1836 forsan
1407 1803 1504 1836 etiam
1518 1813 1714 1846 magnopere
1729 1802 1864 1836 damno-

1123 1857 1170 1897 ÷is‚
1191 1856 1308 1897 causis,
1330 1856 1438 1890 dilecti
1462 1856 1518 1889 filii
1535 1850 1786 1890 communitates
1800 1856 1864 1890 sive

1120 1910 1342 1944 universitates
1362 1916 1392 1943 et
1413 1910 1562 1943 homines
1581 1910 1770 1944 eorumdem
1787 1910 1864 1944 civi-

1121 1970 1221 1999 tatum
1231 1963 1476 2008 etoppidorum‚
1491 1963 1677 2008 respective,
1689 1963 1729 1996 ad
1745 1963 1864 2011 instan-

1119 2019 1204 2058 tiam,
1223 2023 1255 2051 et
1274 2028 1370 2051 suasu
1391 2017 1618 2061 quorumdam,
1641 2017 1696 2061 qui
1715 2016 1862 2061 privatim

1118 2083 1194 2106 suae
1219 2072 1266 2105 rei
1286 2071 1451 2104 familiaris
1471 2081 1507 2104 ac
1527 2071 1735 2112 domesticae,
1766 2070 1862 2104 etiam
1883 2096 1886 2098 -

1117 2137 1190 2160 cum
1212 2125 1376 2160 communi
1391 2125 1528 2158 aliorum
1540 2125 1722 2168 dispendio,
1734 2124 1861 2157 lucrum

1117 2190 1274 2224 quaerere
1293 2190 1357 2212 non
1376 2179 1582 2217 erubescunt„
1599 2177 1736 2211 universi
1750 2188 1787 2211 ac
1801 2189 1863 2222 pu-

1117 2234 1202 2267 blico
1227 2233 1358 2266 nomine
1374 2243 1405 2266 se
1426 2243 1548 2276 suaque
1567 2232 1651 2264 bona
1671 2231 1814 2275 obligare
1833 2236 1864 2264 et

1118 2288 1347 2332 liypotliecare,
1360 2293 1485 2331 autpro
1494 2286 1563 2318 aliis
1577 2285 1793 2325 sidciubendo,
1807 2295 1862 2318 seu

1118 2340 1340 2386 principaliter
1363 2351 1421 2384 pro
1443 2351 1501 2373 suo
1532 2340 1698 2379 interesse,
1726 2348 1862 2371 consue-

1119 2395 1232 2434 verint,
1254 2401 1283 2427 et
1301 2399 1485 2427 contractus
1505 2392 1680 2432 celebrare,
1703 2401 1818 2435 magno
1830 2401 1863 2424 o-

1117 2444 1172 2477 lim
1200 2443 1317 2476 eisdem
1340 2441 1600 2475 universitatibus
1631 2447 1659 2473 et
1681 2439 1862 2473 communi-

1118 2492 1236 2526 tatibus
1256 2491 1450 2524 detrimento
1471 2496 1503 2523 ct
1518 2491 1634 2523 damno
1653 2488 1863 2528 t'utui·c·s,sive

1118 2543 1215 2575 ctiam
1244 2552 1399 2585 expensas
1431 2540 1561 2573 minime
1587 2537 1794 2578 necessarias,
1812 2535 1862 2569 in-

1119 2592 1243 2626 terdum
1264 2602 1340 2624 vero
1362 2601 1493 2635 prorsus
1522 2597 1784 2632 supervacaneas,
1815 2586 1861 2618 sa-

1092 2631 1203 2690 lcerc,
1232 2640 1325 2674 sicuti
1351 2639 1413 2672 iam
1435 2639 1466 2672 in
1492 2637 1601 2671 multis
1621 2634 1861 2669 communitati-

1898 222 1996 282 Anae.
