2059 3228
127 236 165 260 Α..
196 237 226 262 c.
247 237 312 264 uns
361 229 401 262 5-'1

903 242 1078 266 nvLLAtnt'n
1103 243 1252 266 nostANt'n

320 290 495 327 Romanus,
518 302 660 324 annuum
687 292 818 335 vectigal
845 293 931 327 mille
951 300 979 326 ct
1006 295 1066 328 du·
1109 295 1201 327 nibus
1221 294 1295 338 pilei
1312 294 1481 338 appellatis
1502 295 1599 328 totius
1616 295 1742 338 collegii
1758 307 1854 330 vene-

320 350 487 376 centorum
497 355 669 377 aureorum
681 346 1067 391 solvereteneatur;prae-
1107 347 1254 380 rabilium
1277 348 1410 379 fratrum
1431 352 1616 380 nostrorum
1637 349 1669 381 S.
1691 349 1853 383 Romanae

320 402 405 429 terea
431 398 564 430 fundum
590 398 700 431 'l'urris
727 400 766 432 de
794 400 896 439 Valle,
919 402 974 444 qui
1003 402 1063 433 hoe
1106 400 1266 433 Ecclesiae
1292 399 1515 437 cardinalium,
1536 401 1670 443 singulis
1689 402 1854 437 mensibus

317 455 462 493 tempore
483 451 607 484 locatus
626 458 671 484 est
689 453 775 485 mille
800 459 830 486 et
857 460 985 487 centum
1009 465 1063 487 au—

317 502 399 543 reis3
422 504 496 536 item
518 504 665 547 pedicam
682 505 720 538 de
740 507 842 539 Turre
863 507 1060 546 Ceunorum,

315 556 414 588 annui
444 557 588 590 redditus
619 558 833 592 ducentorum
865 571 1059 599 aureorum;

315 609 460 651 pedicam
473 609 646 644 Crotonem
661 612 868 656 appellatam,
880 613 1059 645 annuired-

312 662 398 695 ditus
417 669 546 696 eentum
571 670 601 698 et
625 666 837 709 quadraginta
861 676 1057 705 aureorum;

312 716 457 758 pedicam
472 717 503 749 in
514 718 647 760 dogana,
659 719 718 751 sub
734 730 840 751 annua
851 718 1058 762 responsione

311 769 543 813 qulnquaginta
565 782 740 805 aureorum
764 773 895 805 Darium
920 772 1057 805 familiae

311 822 447 856 locatam
467 835 475 865 ;
510 825 628 858 molam
672 825 915 858 frumentariam
957 836 1056 869 prope

310 875 480 909 eeclesiam
501 877 608 910 Sancti
623 878 726 919 Pauli,
744 879 844 911 locari
861 878 986 911 solitam
1002 890 1057 911 au-

309 938 381 961 reos
394 929 626 974 quinquaginta
646 941 788 971 annuos;
810 941 949 964 canones
966 937 1055 964 octo-

307 981 394 1023 ginta
426 994 599 1016 aureorum
630 995 666 1017 ex
690 984 788 1017 vineis
817 985 970 1017 ecclesiae
1005 985 1052 1018 Ss.

306 1035 408 1069 Sabae
442 1042 469 1069 et
496 1038 630 1070 Andreae
647 1064 654 1075 ‚
684 1049 742 1081 pro
767 1037 899 1071 decimis
931 1038 1054 1081 percipi

306 1088 432 1122 solitos:
454 1090 486 1122 in
506 1089 624 1133 quibus
639 1091 788 1123 omnibus
808 1091 950 1131 aedibus,
971 1091 1055 1124 aedi-

306 1141 398 1182 ficiis,
418 1143 536 1183 fundis,
554 1144 771 1186 vectigalibus,
793 1144 894 1183 bonis,
909 1144 1054 1188 proprie-

306 1195 433 1234 tatibus,
454 1196 642 1237 redditibus,
664 1196 900 1237 emolumentis,
930 1197 1054 1230 iuribus

302 1253 334 1280 et
351 1248 530 1281 actionibus
542 1250 707 1290 universis,
725 1250 808 1282 idem
824 1249 993 1292 collegium
1011 1250 1052 1283 ita

300 1302 395 1344 plene
416 1303 602 1342 succedere,
627 1303 801 1345 subrogare
827 1308 857 1335 et
881 1303 1048 1342 substitui,

301 1354 452 1399 idemque
477 1355 504 1388 ei
526 1355 574 1394 ius
602 1356 714 1389 directi
743 1361 773 1389 et
800 1356 886 1388 utilis
917 1356 1050 1389 dominii

300 1415 484 1451 competere
505 1409 714 1449 decrevimus,
737 1410 821 1453 quod
848 1410 997 1453 hospitali
1017 1411 1047 1443 S.

300 1461 438 1504 Spiritus
453 1463 564 1505 quovis
580 1464 675 1496 modo
687 1463 889 1507 competebat
899 1469 1050 1497 autcom-

298 1520 409 1558 petere
423 1521 546 1558 poterat
561 1516 592 1548 in
604 1517 761 1553 suturum;
776 1522 958 1549 eamtamen
971 1528 1045 1550 con-

298 1567 453 1601 ditionem
480 1568 678 1610 adiicientes,
701 1575 733 1601 ut
761 1580 888 1602 summa
908 1570 1045 1602 duorum

298 1621 437 1654 millium
462 1623 719 1665 octingentorum
756 1629 785 1655 et
816 1623 1047 1666 quinquaginta

296 1685 485 1715 aureorum,
505 1687 587 1719 quae
608 1687 645 1709 ex
669 1676 761 1709 dictis
784 1676 963 1709 redditibus
991 1689 1047 1710 an-

297 1729 422 1761 nuatim
451 1729 676 1769 constituitur,
704 1735 828 1762 tantum
861 1730 1050 1763 detrahatur

296 1787 453 1824 quantum
474 1783 617 1826 impendi
637 1794 766 1816 neeesse
786 1783 879 1816 suerit
899 1795 955 1826 pro
970 1795 1048 1817 one-

296 1835 387 1867 ribus
407 1836 593 1869 monasterii
623 1842 653 1869 ct
678 1837 832 1869 eeclesiae
864 1838 915 1869 Ss.
947 1838 1047 1871 Sabae

295 1894 326 1921 et
345 1889 496 1929 Andreae,
517 1889 610 1923 cuius
634 1890 713 1923 haec
733 1890 817 1923 bona
830 1895 930 1929 erant,
952 1891 1047 1924 susti-

295 1942 421 1975 nendis:
443 1943 601 1983 videlicet,
628 1954 687 1991 pro
716 1944 871 1987 pensione
896 1945 1048 1977 fratribus

294 1995 371 2028 dicti
391 1996 517 2029 Ordinis
536 1996 766 2036 Cistereiensis‚
784 1996 838 2040 qui
856 1997 956 2040 ipsius
976 2009 1046 2031 mo-

294 2050 471 2082 nasterium
492 2050 540 2082 S's.
563 2049 663 2083 Sabae
681 2056 711 2083 et
731 2051 866 2082 Andreae
888 2050 1046 2083 inhabita-

294 2102 371 2134 bant
393 2108 423 2135 et
442 2104 480 2135 ad
492 2103 659 2136 ecclesiam
677 2103 708 2136 S.
727 2103 840 2136 Crucis
855 2103 885 2135 in
898 2104 1046 2137 Hierusa-

295 2156 357 2187 lem
381 2156 517 2188 tradueti
539 2157 670 2189 suerunt
698 2157 806 2200 ibique
822 2157 954 2198 degunt,
974 2168 1045 2200 per-

295 2209 458 2245 solvenda,
490 2210 655 2252 quingenti
671 2209 778 2247 aurei·,
806 2220 864 2252 pro
898 2210 982 2242 xit-tu
1017 2217 1044 2243 et

294 2262 453 2305 stipendio
481 2269 618 2305 quatuor
642 2263 892 2296 ministrantium
919 2263 950 2295 in
979 2264 1046 2307 ipsa

294 2316 430 2348 eeclesia
456 2318 501 2348 ὃς.
540 2316 639 2348 Sabae
669 2322 699 2350 et
724 2316 881 2355 Andreae,
913 2318 1045 2349 trecenti

291 2369 403 2407 aurei·,
418 2380 475 2411 pro
493 2369 623 2407 fabrica,
640 2369 831 2402 utensilibus
850 2369 985 2413 aliisque
997 2382 1046 2403 re-

293 2417 356 2449 bus
368 2417 564 2453 nectiessariis,
576 2418 807 2460 quinquaginta
818 2418 919 2453 aurei:
929 2419 1047 2461 quibus

293 2465 450 2504 deductis,
471 2466 534 2497 duo
555 2472 727 2509 supersunt
751 2477 924 2499 aureorum
947 2467 1046 2499 millia

291 2515 392 2547 annui
423 2520 605 2557 prowntus.
640 2515 846 2555 Assigiiamus
882 2521 1046 2558 praeterea

293 2563 397 2595 eidem
421 2562 556 2603 ooth-gio
582 2573 719 2595 ammam
747 2563 933 2606 pensionem
959 2563 1045 2595 mille
1089 2563 1178 2595 l'rbis
1196 2590 1203 2598 ,

1105 459 1241 495 prorata
1258 452 1496 496 percipiendam
1513 465 1520 492 3
1538 454 1662 497 reliqua
1676 460 1784 488 autem
1799 467 1853 490 sex

1104 505 1202 538 millia
1226 511 1255 537 et
1281 506 1481 548 octingentos
1509 517 1636 547 aureos,
1667 508 1723 551 qui
1749 510 1852 542 conli-

1102 558 1233 591 ciendae
1245 569 1389 591 summae
1401 558 1511 592 decem
1528 559 1665 593 millium
1676 572 1851 596 aureorum

1100 611 1227 651 desunt,
1247 622 1283 644 ex
1303 611 1372 644 fisci
1393 617 1421 644 et
1442 611 1594 646 Gamerae
1618 619 1745 648 nostrae
1765 616 1851 659 Apo-

1099 664 1230 697 stolicae
1251 664 1397 708 pecuniis
1421 666 1594 708 quotannis
1613 669 1778 701 numerari
1797 680 1851 702 vo-

1099 717 1217 757 lumus,
1238 717 1409 750 distributa
1424 718 1456 750 in
1477 729 1605 752 menses
1620 720 1774 763 singulos,
1790 734 1849 766 pro

1098 777 1164 802 rata
1190 775 1292 814 parte,
1319 772 1491 813 solutione,
1519 773 1625 816 quoad
1654 773 1692 807 de
1715 775 1849 809 totidem

1098 822 1280 856 reddituum
1303 835 1427 860 summa
1442 824 1475 857 in
1491 825 1583 858 honis
1598 826 1775 868 stabilibus,
1795 839 1849 862 ec-

1097 876 1283 910 clesiasticis
1297 878 1342 910 vel
1355 878 1582 919 saecularibus,
1596 879 1699 912 eidem
1711 881 1847 924 collegio

1095 940 1112 961 a
1142 929 1235 962 nobis
1263 930 1358 963 fuerit
1385 931 1567 976 provisum:
1586 933 1628 966 ita
1644 934 1730 976 quod
1754 934 1849 968 liceat

1095 982 1218 1016 dilectis
1235 983 1308 1016 filiis
1324 984 1442 1018 rectori
1454 991 1484 1018 et
1504 985 1575 1018 aliis
1598 986 1752 1020 ministris
1770 987 1847 1021 dicti

1095 1036 1221 1079 collegii
1245 1039 1447 1081 corporalem
1472 1039 1706 1081 possessionem
1732 1051 1848 1074 mona-

1094 1089 1193 1129 sterii,
1215 1090 1387 1131 bonorum,
1403 1091 1846 1136 proprietatum,fundorum,

1094 1153 1262 1184 censuum,
1289 1144 1420 1185 iurium,
1447 1145 1707 1179 iurisdictionum
1723 1152 1847 1181 cetero—

1093 1207 1232 1239 rumque
1256 1197 1511 1240 praedietoinm,
1532 1209 1591 1242 per
1619 1209 1652 1232 se
1675 1199 1724 1232 vel
1744 1200 1843 1233 alium

1091 1259 1148 1281 seu
1174 1249 1266 1290 alios,
1289 1250 1421 1293 propria
1447 1250 1649 1291 auctoritate,
1669 1251 1771 1285 libere
1790 1264 1845 1297 ap—

1091 1302 1292 1345 prehendere
1311 1308 1342 1336 et
1358 1309 1515 1347 perpetuo
1535 1304 1693 1346 retinere;
1715 1316 1752 1338 ac
1776 1306 1843 1339 fru-

1091 1361 1172 1396 ctus,
1194 1356 1351 1396 redditus,
1373 1364 1547 1401 proventus
1562 1358 1693 1391 illorum
1714 1359 1746 1391 in
1765 1359 1842 1393 dicti

1090 1409 1216 1452 collegii
1236 1420 1314 1442 usus
1334 1415 1364 1443 et
1383 1410 1553 1443 utilitatem
1574 1416 1774 1452 convertere,
1787 1423 1842 1445 cu-

1092 1462 1187 1495 iusvis
1206 1462 1336 1496 licentia
1355 1463 1496 1507 desuper
1518 1464 1652 1497 minime
1673 1465 1838 1508 requisita.

1088 1516 1236 1548 Ceterum
1269 1527 1343 1549 cum
1376 1516 1543 1549 Societatis
1574 1517 1838 1561 presbyterorum

1987 10 1990 11 ’
2010 0 2059 52 ἲ

2027 66 2049 83 ’ν’-

1870 243 1919 269 An.
1937 243 1966 269 c.
1984 222 2049 270 2575'

2051 808 2059 828 .-
2046 714 2059 778 .-οη
2044 649 2059 701 ,εκ
2034 434 2059 634 mnf-*⁶⁴20
2043 390 2053 413 <¹

1879 1528 1986 1557 nui-nque
2001 1538 2039 1557 gn-

1868 1565 1949 1581 ernium
1959 1568 2038 1583 rouce-

1088 1569 1171 1609 lesu,
1202 1569 1235 1602 in
1259 1570 1322 1603 hoc
1348 1570 1592 1603 educandorum
1625 1570 1840 1604 instituendo·
1853 1560 1883 1612 2„
1906 1592 2038 1618 „mmmm

1088 1633 1226 1666 rumque
1255 1634 1433 1667 puerorum
1469 1634 1625 1663 munere,
1652 1623 1816 1666 diligentia
1828 1620 2014 1665 ‚·⁵⁰⁰‘⁰¹'·¹²¹⁵¹⁰⁵

1088 1676 1178 1717 tides,
1192 1677 1370 1719 integritas,
1387 1683 1419 1710 et
1439 1677 1471 1709 in
1487 1677 1556 1709 aliis
1568 1677 1756 1710 huiusmodi
1771 1677 1838 1710 eol-

1087 1729 1176 1772 legiis
1196 1735 1226 1762 et
1245 1730 1278 1762 in
1298 1730 1360 1763 hoc
1380 1730 1448 1773 ipso
1465 1730 1539 1763 satis
1555 1730 1681 1773 cognita
1692 1729 1838 1773 sitatque

1089 1788 1268 1826 perspecta,
1290 1784 1438 1816 volumus
1458 1784 1542 1816 idem
1559 1783 1730 1826 collegium
1742 1788 1838 1827 atque

1087 1836 1260 1877 scholares,
1284 1837 1343 1870 sub
1366 1837 1525 1880 ipsorum,
1544 1836 1748 1869 sicutadhuc
1763 1836 1834 1877 fuit,

1087 1889 1255 1932 regimine,
1269 1889 1478 1929 institutione,
1491 1889 1636 1922 doctrina
1655 1896 1751 1932 atque
1763 1889 1838 1923 ohe—

1086 1942 1207 1976 dientia
1226 1953 1305 1976 esse⁴

1129 1998 1144 2039 ξ
1164 1995 1195 2028 4.
1217 1996 1348 2028 Necnon
1364 1995 1536 2038 collegium
1548 1995 1653 2039 ipsum
1669 1995 1836 2040 ipsiusque

1876 2007 2034 2032 Exemntirmem

1850 2045 1861 2058 a
1884 2040 2032 2061 iurisdictione

1086 2055 1238 2090 rectores,
1259 2050 1502 2092 gubernatores,
1534 2049 1713 2092 magistros,
1741 2060 1835 2092 prae·
1850 2071 1964 2095 smmum,
1978 2076 2035 2091 00„-

1085 2109 1232 2146 ceptores
1255 2108 1350 2146 atque
1377 2102 1540 2135 scholares
1559 2112 1618 2145 pro
1638 2107 1785 2145 tempore
1803 2101 1836 2134 in
1850 2099 1926 2127 ⁵¹¹¹¹¹¹¹¹2
1942 2103 1993 2127 ⁰⁸⁰⁴

1085 2167 1122 2189 eo
1138 2157 1317 2195 existentes,
1338 2166 1516 2198 eorumque
1536 2155 1632 2195 bona,
1655 2154 1786 2188 mobilia
1806 2161 1838 2188 et

1086 2209 1282 2249 immobilia,
1326 2209 1562 2250 cuiuscumque
1605 2207 1768 2251 qualitatis
1805 2213 1837 2241 et

1085 2263 1281 2307 quantitatis,
1294 2261 1327 2294 in
1346 2261 1430 2294 dieta
1442 2261 1525 2293 Urbe
1542 2261 1591 2293 vel
1602 2267 1698 2300 extra,
1711 2272 1747 2293 ac
1759 2261 1837 2294 alias

1087 2316 1206 2359 ubique
1226 2316 1373 2348 locorum
1389 2313 1606 2354 consistentia,
1630 2314 1669 2346 ab
1686 2314 1835 2347 omniin-

1087 2369 1283 2409 risdicfione,
1318 2367 1531 2406 correctione,
1562 2367 1753 2407 visitatione,
1781 2367 1837 2400 do-

1088 2418 1197 2456 minio,
1220 2416 1444 2460 superioritate
1460 2421 1490 2448 et
1510 2421 1665 2458 potestate
1683 2425 1741 2458 pro
1758 2421 1837 2448 tem-

1086 2477 1163 2509 pore
1190 2465 1350 2499 existentis
1369 2464 1524 2497 senatoris
1549 2470 1578 2496 et
1603 2464 1773 2496 consulum
1799 2474 1836 2497 ac

1088 2520 1349 2547 conservatorum
1386 2519 1416 2547 et
1449 2513 1697 2546 reformatorum
1733 2511 1837 2545 dictae

1230 2573 1357 2596 necnon
1394 2561 1528 2597 rectoris
1560 2560 1658 2594 studii
1677 2560 1836 2603 generalis

290 2619 320 2645 et
339 2612 560 2645 ducentorum
581 2622 754 2645 aureorum
780 2623 816 2644 ex
845 2611 1044 2645 distributio-
1087 2612 1262 2645 aliorumve
1283 2609 1722 2654 quorumcumqueiudicum
1746 2609 1834 2641 ctos-
