2059 3228
363 248 424 281 76ss

318 319 374 352 pro
404 308 488 340 illius
513 304 755 339 necessitatibus
783 302 994 345 sublevandis,
1026 314 1062 337 ac

317 362 448 394 tuitione
470 360 541 393 tidci
569 359 722 391 adversus
741 358 872 397 Tui—cas,
894 357 1062 391 christiani

315 414 454 447 nominis
473 413 592 453 hostesy
614 411 765 445 distribui
781 411 946 445 deberent.
962 412 1005 444 Ac
1017 411 1063 443 in-

314 478 412 511 super
435 467 608 510 prioratus,
625 465 830 506 baiulivatus‚
844 464 1062 498 castellaniam

314 525 488 563 empostae,
512 517 750 563 praeceptorias
770 522 802 551 et
821 518 884 551 alia
898 517 985 550 illius
1004 517 1061 550 be·

314 573 428 606 neticia
440 582 667 616 quaecumque
678 582 738 616 pro
748 576 893 615 tempore
905 571 1062 615 qualiter-

315 637 455 670 cumque
483 626 677 666 obtinentes,
703 630 807 658 certas
836 624 1064 669 responsiones

314 691 350 713 ac
364 680 544 713 ordinarias
561 685 592 713 et
607 677 876 713 extraordinarias
888 676 1064 721 impositio-

314 744 369 766 nes
389 734 495 767 eidem
516 732 682 767 communi
704 732 857 765 thesauro
886 731 979 764 annis
999 730 1063 763 sin-

313 787 395 829 gulis
414 787 536 820 solvere
552 790 755 820 tenerentur.
775 785 922 829 Ipsisque
939 784 1063 828 priora-

315 841 408 880 tibus,
433 840 672 879 baiulivatibus,
695 838 901 879 castellaniis,
929 847 1062 881 praece-

312 894 427 939 ptoriis
447 901 476 928 et
492 893 670 934 beneficiis,
693 903 751 937 per
770 892 894 926 obitum
914 902 972 925 seu
987 890 1065 924 resi-

313 949 512 989 gnationem,
542 947 639 981 etiam
669 946 703 979 in
731 946 881 979 manibus
907 944 1063 989 praedicti

311 1002 450 1035 Romani
479 1000 657 1041 Pontificis,
679 1005 737 1033 aut¹
763 999 842 1032 alias
861 997 1065 1042 quomodoli-

315 1057 365 1090 bet
380 1067 438 1101 pro
458 1062 604 1099 tempore
623 1054 821 1094 vacantibus,
844 1053 976 1086 illorum
995 1052 1063 1084 sru-

314 1117 397 1151 ctus‚
436 1110 557 1143 reditus
580 1115 611 1142 et
634 1113 832 1153 proventus,
859 1106 885 1139 si
905 1117 963 1150 per
987 1105 1065 1138 resi-

313 1163 511 1208 gnationem,
534 1163 621 1196 iuxta
636 1172 712 1195 vero
732 1171 846 1194 novam
867 1159 1066 1193 reformatio-

123 256 174 284 An.
190 255 219 284 C.
239 255 304 284 1586

316 1228 401 1258 nem,
423 1227 526 1261 usque
546 1217 585 1249 ad
605 1217 723 1249 festum
743 1214 791 1248 Ss.
814 1213 920 1247 Iacobi
942 1219 972 1246 et
993 1212 1066 1245 Plii-
1085 1238 1087 1240 .
1106 1226 1176 1247 rum
1196 1215 1379 1248 litterarum
1393 1220 1569 1259 praetextu,
1584 1225 1641 1258 per
1657 1225 1737 1258 quas
1753 1214 1852 1248 stabi·

1084 1280 1088 1319 Ι
1107 1268 1255 1306 timentis,
1279 1269 1391 1302 usibus
1411 1275 1442 1301 et
1467 1268 1590 1302 naturis
1603 1295 1610 1309 ,
1626 1267 1802 1311 privilegiis
1821 1272 1853 1301 et

315 1271 407 1316 lippi,
435 1271 474 1304 de
496 1280 606 1304 mense
631 1269 707 1302 maii
727 1279 765 1302 ex
785 1273 862 1302 tunc
880 1266 1065 1300 immediate

315 1325 491 1369 sequentis;
519 1335 577 1368 pro
603 1322 782 1356 mortuario
814 1327 845 1355 et
863 1320 1064 1360 vacantibus,

315 1379 355 1411 ab
379 1378 492 1412 eodem
513 1379 591 1411 sesto
609 1386 709 1421 usque
726 1375 765 1409 ad
780 1375 868 1408 aliud
884 1374 1065 1419 proximum

315 1432 460 1466 eiusdem
480 1431 589 1465 Sancti
608 1429 736 1463 Ioannis
756 1428 929 1472 Baptistae,
943 1437 1010 1468 seu,
1031 1432 1068 1459 ut

314 1487 508 1531 praefertur,
531 1485 577 1518 Ss.
601 1483 707 1517 iacobi
735 1488 766 1516 et
785 1481 926 1525 Philippi
953 1481 992 1513 de
1019 1480 1066 1512 di-

316 1546 368 1574 cto
388 1550 498 1573 mense
519 1536 703 1582 respective,
721 1535 826 1569 eidem
847 1534 996 1568 thesauro
1015 1543 1067 1566 ce-

317 1594 443 1628 dorent.

362 1647 377 1691 ξ
401 1646 433 1680 ⁶2.
451 1646 531 1679 Cum
545 1651 654 1678 tamen
666 1653 762 1688 saepe
773 1641 976 1685 contingeret
987 1649 1068 1673 non-

146 1702 484 1735 Ei1·1muutttantlllol¹tlln
512 1698 693 1744 potentium
727 1696 935 1730 ambitionem
965 1695 1009 1728 ita
1037 1704 1068 1727 se

119 1744 175 1765 Sede
195 1744 305 1770 annunli-

120 1782 145 1797 ca
165 1777 245 1803 precisi
264 1777 305 1796 de-

121 1841 257 1866 toi-queram,

320 1917 397 1951 dere
414 1914 667 1959 conspiciebant,
693 1923 711 1945 a
731 1911 811 1946 Sede
832 1910 995 1955 praedicta
1016 1920 1069 1942 ex-

315 1979 482 2014 torquere,
511 1968 760 2009 Romanumque
801 1963 1003 2003 Pontificem,
1032 1962 1071 1994 ob

319 2025 388 2058 eius
406 2024 596 2056 innumeras
615 2018 860 2063 occupationes,
883 2017 922 2050 ad
948 2017 1072 2060 aliquas

319 2077 439 2121 gratias
467 2075 527 2109 sibi
558 2072 780 2107 concedendas
810 2071 977 2115 impellere
1007 2080 1071 2103 non

322 2131 563 2168 erubescerent,
586 2137 666 2171 quas
690 2126 716 2159 si
742 2126 835 2169 plene
860 2124 1070 2168 cognovisset,

324 2196 376 2218 eas
395 2183 540 2228 profecto
557 2181 621 2214 illis
640 2191 705 2214 non
719 2178 938 2213 concessisset.

368 2238 383 2281 ξ
407 2236 439 2270 3.
467 2235 643 2269 Attendens
676 2234 786 2276 itaque
806 2233 913 2266 dictus
941 2231 1074 2275 praede·
1117 2234 1159 2274 tv,
1186 2232 1453 2278 praedecessoris,
1475 2231 1590 2265 litteris
1610 2230 1738 2274 plenius
1757 2228 1862 2263 conti-

153 2298 200 2319 νῆας
221 2298 309 2327 „maffi-
325 2301 433 2324 cessor
449 2294 569 2333 quauta
585 2294 616 2321 et
637 2297 734 2331 quam
759 2285 867 2330 gravia
886 2285 1074 2318 discrimina
1092 2286 1095 2318 Ι
1116 2293 1222 2321 netur.

327 2344 411 2377 dicta
440 2343 545 2375 insula
568 2352 660 2386 passa
680 2340 795 2379 suerat,
823 2346 854 2372 ct
878 2349 974 2382 quam
1002 2348 1075 2379 gra-

126 2334 179 2356 ctus,
208 2331 306 2351 couside—

127 2367 175 2381 rans
195 2362 249 2387 quod
272 2362 309 2381 hai·

908 250 1087 277 BULLAmUM
1105 250 1256 276 Romnum

319 1755 503 1790 extendere,
526 1758 574 1793 ut,
595 1751 685 1785 Sedis
709 1749 911 1795 Apostolicae
930 1748 1070 1781 liberali‹

120 1808 253 1833 '⁰³³¹³⁰¹'⁰'¹¹
266 1812 306 1829 ³¹·
321 1815 383 1843 tate
402 1818 469 1841 non
489 1805 645 1845 contenti,
668 1805 764 1838 etiam
785 1814 822 1837 ea
848 1813 931 1847 quae
951 1802 984 1835 in
1005 1812 1071 1834 ma-

319 1873 420 1907 gnum
440 1861 544 1895 dictae
563 1858 739 1902 Religionis
754 1856 988 1902 praeiudicium
1004 1862 1070 1889 ten-
1111 1860 1159 1892 nis.
1179 1859 1377 1899 instantiam,
1400 1857 1454 1890 sed
1475 1868 1513 1890 ex
1532 1856 1598 1890 suis
1618 1861 1707 1889 certa
1726 1854 1860 1889 seientia

1103 302 1307 347 buscumque
1323 303 1399 337 dicti
1420 304 1548 339 Ordinis
1563 306 1770 349 prioratibus,
1792 306 1850 339 ba-

1102 356 1300 398 iulivatilms,
1329 359 1535 398 castellaniis,
1566 360 1793 404 praeceptoriis
1819 366 1851 394 et

1101 410 1172 443 aliis
1191 410 1359 444 beneficiis
1382 411 1553 456 praedictis
1573 412 1698 455 exigere
1714 423 1850 447 consue-

1102 469 1224 504 verant,
1247 464 1287 497 ab
1307 463 1438 497 illorum
1459 465 1625 498 exactione
1647 465 1846 507 desisterent,

1103 517 1232 550 illorum
1258 518 1342 552 vires
1362 528 1427 551 non
1448 529 1563 561 parum
1592 518 1846 560 debilitarentur;

1102 570 1386 615 consideransque.

1145 624 1160 667 ἓ
1184 624 1216 658 4.
1247 625 1350 666 Quod,
1374 631 1543 670 postquam
1573 625 1646 670 piae
1673 625 1848 660 memoriae
1880 640 2049 670 Quamn-

1102 678 1177 712 Pius
1187 679 1272 722 Papa
1290 679 1339 720 IV,
1359 679 1455 713 etiam
1475 679 1705 723 praedeeessor
1725 686 1846 720 noster,
1861 671 1983 698 ''⁰'³⁵³⁰''⁶
1999 674 2002 677 ⁴

1861 703 1901 723 ctis
1921 704 1962 724 sm
1991 705 1994 715 ¹
2019 702 2030 721 ἶ,

1103 737 1179 765 tunc
1193 743 1283 773 suus,
1306 743 1404 765 unam
1425 732 1458 766 S.
1479 732 1585 766 lacobi
1597 733 1629 766 in
1646 733 1754 766 Platea
1765 733 1848 766 Nur·
1862 732 1948 754 *⁰³³¹*ss
1963 708 1976 724 n
1995 754 1999 759 .-

1103 785 1167 818 siae
1187 786 1391 830 Spoletanae‚
1413 792 1445 820 et
1464 786 1598 820 alteram
1621 786 1849 820 Sanctissimae
1862 768 2020 816 ἕοεᾱῐὲἓῖῗτῑ
2045 785 2046 789 ’

1103 839 1266 873 Trinitatis
1286 839 1479 874 Tudertinae
1489 840 1668 884 respective
1679 839 1848 880 dioecesis,
1978 841 1983 846 '

1103 893 1179 926 dicti
1199 893 1367 937 hospitalis
1387 893 1639 938 praeceptorias,
1661 898 1740 926 tunc
1762 899 1851 927 certo

1105 947 1199 980 modo
1219 953 1380 988 vacantes,
1404 953 1483 981 tunc
1504 947 1621 980 dilecto
1641 947 1708 980 filio
1728 947 1852 980 Simoni

1105 1000 1296 1034 Brombillae
1321 1001 1438 1034 clerico
1463 1000 1679 1044 Bergomensi,
1699 1000 1758 1034 sub
1781 1010 1851 1033 cer-

1105 1053 1142 1086 tis
1162 1054 1258 1087 modo
1273 1060 1305 1087 et
1328 1055 1432 1088 forma
1451 1054 1729 1088 commendaverat
1751 1059 1781 1087 et
1796 1064 1851 1087 seu

1104 1107 1142 1140 de
1172 1107 1235 1141 illis
1260 1119 1318 1152 per
1341 1119 1416 1141 suas
1444 1108 1568 1141 litteras
1587 1106 1782 1151 providerat,
1803 1106 1852 1139 di-

1105 1167 1240 1205 ctusque
1260 1161 1383 1199 Simon,
1410 1161 1470 1194 sub
1489 1161 1677 1194 earumdem
1698 1171 1754 1194 seu
1773 1161 1852 1194 alia—

1107 1323 1237 1356 indultis
1257 1322 1429 1367 praedictis
1449 1333 1508 1367 per
1533 1322 1683 1356 eumdem
1704 1321 1794 1355 Pium
1816 1321 1852 1354 IV

1108 1377 1386 1420 praedecessorem
1407 1376 1596 1419 derogatum
1617 1386 1685 1409 esse
1704 1381 1854 1420 praeten-

1107 1430 1211 1469 debat,
1246 1430 1368 1463 fructus
1401 1430 1589 1463 earumdem
1613 1428 1853 1473 praeceptoria-

1109 1494 1179 1516 rum
1199 1489 1231 1517 et
1250 1483 1333 1524 iura,
1356 1484 1485 1516 illarum
1511 1483 1636 1516 ratione
1660 1482 1744 1515 dicto
1769 1492 1855 1515 com-

1108 1537 1196 1570 muni
1218 1538 1381 1577 thesauro,
1397 1542 1432 1569 ut
1452 1536 1645 1581 praefertur,
1665 1535 1857 1576 debita,sol-

1109 1601 1180 1624 vere
1200 1596 1233 1624 et
1252 1591 1396 1624 relaxare
1416 1596 1621 1623 recusaverat
1635 1594 1665 1622 et
1677 1588 1856 1628 recusabat,

1107 1645 1257 1678 eumdem
1278 1644 1369 1677 Pium
1394 1644 1430 1676 IV
1450 1643 1744 1687 praedecessorem,
1766 1648 1856 1675 motu

1109 1698 1253 1742 proprio,
1279 1708 1345 1730 non
1361 1698 1400 1730 ad
1418 1697 1525 1740 magni
1546 1695 1688 1739 magistri
1709 1701 1767 1728 aut
1783 1705 1856 1728 con-

1110 1758 1220 1785 ventus
1240 1762 1295 1785 seu
1323 1751 1491 1795 hospitalis
1514 1752 1649 1783 fratrum
1674 1748 1857 1793 praedicto-

1111 1816 1181 1839 rum
1201 1805 1261 1838 sibi
1281 1815 1340 1849 pro
1358 1805 1403 1838 eis
1423 1804 1563 1848 desuper
1582 1803 1710 1836 oblatae
1725 1802 1858 1846 petitio-

1111 1920 1138 1946 et
1160 1912 1354 1957 apostolicae
1374 1911 1540 1955 potestatis
1565 1909 1780 1953 plenitudine,
1802 1918 1861 1952 per

1112 1978 1184 1999 suas
1203 1967 1235 1999 in
1255 1965 1352 1999 simili
1377 1966 1482 1998 forma
1501 1964 1606 1997 brevis
1626 1963 1765 2006 desuper
1781 1972 1860 1995 eon-

1112 2020 1207 2053 scctas
1228 2019 1365 2059 littera&
1388 2018 1567 2051 declarasse
1594 2027 1652 2060 per
1680 2015 1862 2058 derogatio-

1113 2084 1186 2106 nem
1194 2072 1381 2106 huiusmodi
1394 2071 1588 2116 aliquod‚vel
1601 2068 1862 2110 minimum,the-

1113 2137 1208 2160 sauro
1228 2125 1414 2160 huiusmodi
1434 2124 1672 2169 praeiudicium
1685 2121 1863 2157 afferrino-

1116 2181 1219 2219 luisse,
1245 2186 1277 2213 et
1300 2179 1363 2212 alia
1382 2178 1507 2219 fecisse,
1526 2182 1625 2222 prout
1644 2176 1676 2209 in
1696 2175 1798 2219 ipsius
1814 2174 1862 2207 Pii

127 2392 159 2412 via
168 2392 311 2413 debilitaren—

127 2427 160 2443 tur
173 2424 231 2443 vires
245 2424 309 2449 ipsius

126 2455 216 2480 Ordinis,

1159 2342 1173 2384 ξ
1198 2342 1228 2375 5.
1255 2340 1342 2374 Idem
1368 2340 1442 2373 Pius
1466 2339 1501 2380 V,
1530 2338 1770 2383 praedecessor,
1797 2341 1862 2369 tam
1947 2371 1952 2376 ,
2014 2372 2015 2384 ³

328 2408 379 2429 ves
400 2396 552 2438 magister
575 2401 606 2427 et
622 2398 798 2427 conventus
822 2391 989 2436 praedicti,
1012 2397 1075 2423 tam
1093 2412 1095 2446 4
1116 2395 1160 2427 pii
1175 2394 1224 2436 jv²
1240 2394 1496 2439 praedecessorjg
1507 2392 1708 2432 huimmodi,
1724 2389 1862 2433 ve595g353
1874 2375 2001 2430 ἓξὲξ-ὠν

328 2446 358 2478 in
377 2445 429 2477 illa
449 2443 661 2483 defendenda,
681 2452 776 2486 quam
797 2442 827 2474 in
855 2441 979 2474 civitate
995 2450 1076 2473 nova
1093 2451 1095 2481 j
1116 2443 1297 2483 inhaerens,
1319 2454 1414 2485 quam
1428 2441 1611 2486 praemissis
1622 2441 1661 2474 de
1676 2439 1781 2474 causis
1792 2449 1862 2472 mo-
1874 2426 1971 2482 ¹⁵¹3&ssss
1999 2437 2014 2456 '⁴

330 2504 386 2537 per
414 2504 468 2525 eos
497 2497 682 2525 constructa
713 2490 888 2524 munienda
920 2497 952 2522 et
985 2499 1076 2533 repa·
1116 2494 1177 2530 tus,
1200 2488 1309 2521 omnia
1329 2493 1360 2521 et
1379 2487 1504 2529 singula
1525 2487 1556 2519 in
1578 2486 1721 2519 eiusdem
1751 2483 1797 2517 Pii
1825 2477 2005 2530 15‘ffi2f232'

331 2542 427 2574 randa
449 2541 612 2574 subierant
632 2550 785 2584 expensas
805 2546 835 2573 et
856 2539 1074 2577 ineonimoda;
1117 2536 1373 2581 praedecessoris
1388 2535 1502 2568 litteris
1512 2540 1661 2568 contenta
1679 2533 1862 2576 approbans
1875 2529 1967 2583 {5⁶3¹}

328 2590 514 2633 quodquesi
525 2590 649 2634 ipsiqui
664 2600 720 2632 pro
733 2588 880 2633 expensis
893 2587 1077 2621 huiusmodi
1118 2593 1148 2620 et
1173 2587 1379 2625 confirmans,
1406 2584 1530 2628 illisque
1558 2588 1731 2627 perpetuae
1757 2586 1787 2614 et
1816 2580 1961 2631 in-ffifss

329 2639 571 2683 supportandis,
590 2644 676 2672 certa
692 2638 773 2678 iura,
793 2648 877 2674 uuae
892 2647 990 2681 super
1009 2635 1078 2679 qui-
1094 2631 1097 2666 ἕ
1118 2636 1275 2670 violabilis
1305 2634 1464 2668 firmitatis
1489 2633 1588 2667 robur
1618 2631 1770 2670 antiocus,
1792 2640 1862 2663 om-
1875 2637 1952 2666 anua:
