2059 3228
90 218 140 249 An.
154 220 185 249 C.
201 219 268 248 1574

103 2158 226 2172 svrvattvrtr!

331 219 373 253 80

875 225 1057 251 BULLARJUM
1074 224 1228 248 ROMANUM

293 284 386 317 eretis
411 294 466 326 per
490 282 634 314 abbatem
654 281 830 324 generalem
848 282 894 313 vel
907 281 974 313 eius
991 280 1033 311 vi·
1067 278 1367 318 modificationibus,
1385 278 1642 319 derogationibus
1665 283 1719 312 aut
1742 278 1811 315 aliis

288 336 390 369 cai-ios
426 340 478 367 aut
515 334 692 377 superiores
717 334 872 376 praefatos
896 334 964 366 latis
989 333 1032 364 vel
1062 330 1229 363 coiitrariis
1264 329 1531 371 dispositionibus,
1556 331 1648 363 etiam
1673 341 1730 374 per
1753 342 1810 366 nos

291 387 513 432 promulgatis,
539 391 570 417 ut
597 386 788 428 praefertur,
814 397 870 429 pro
895 392 1034 428 tempore
1063 389 1089 415 et
1116 393 1313 415 successores
1330 386 1453 414 nostros
1470 382 1625 414 Romanos
1642 383 1808 416 Pontifices

294 439 504 483 interpositas,
529 439 590 470 ullo
614 439 706 471 modo
731 439 955 482 recipiuntaut
981 439 1033 469 ad-
1063 446 1097 466 211·
1124 434 1234 466 Sedcm
1259 432 1463 476 praedictam,
1480 433 1575 465 etiam
1598 433 1810 477 imperatoris,-

291 493 426 531 mittant,
451 500 553 532 neque
578 490 616 522 de
640 490 700 523 illis
725 496 937 532 cognoscant,
963 501 1034 525 seu,

292 546 417 577 illarum
447 543 494 574 vel
526 552 725 586 quocumque
761 543 821 575 alio
853 547 1034 585 praetextu,

291 596 491 636 monasteria,
516 595 675 638 prioratus
699 601 753 627 aut.
777 595 837 627 alia
862 595 927 627 loca
953 593 1035 626 eius-

290 650 359 681 dem
383 648 510 681 Ordinis
533 648 674 687 visitent;
694 648 757 685 sed,
776 647 1035 690 quotiescumspic

290 704 328 734 ad
354 703 420 735 illos
441 701 561 744 aliquid
579 701 609 733 in
628 700 800 733 monachos
817 704 869 731 aut
889 708 1036 741 personas

292 755 474 788 huiusmodi
488 754 761 787 animadversione
776 754 906 794 dignum
922 751 1033 783 deferri

291 807 469 851 contigerit,
495 807 579 839 iuxta
605 807 736 839 sormam
758 803 1037 837 comutendatarIis

290 860 375 893 circa
400 859 511 892 delicta
537 859 765 891 monachorum
783 863 809 889 et
830 866 1035 899 prmsonarum

293 912 476 946 earumdem
501 922 557 954 per
582 922 648 949 nos,
674 916 706 942 ut
733 910 923 953 praefertur,
948 918 1036 950 prae-

293 965 453 1007 scriptam,
478 963 629 996 vicarium
657 963 754 1006 ipsius
779 962 905 994 Ordinis
931 961 961 992 in
987 960 1036 992 illa

294 1016 455 1060 provincia
479 1015 659 1049 institutum
685 1015 875 1048 monendum
906 1018 1035 1051 curent,

295 1070 349 1113 qui
375 1069 603 1112 delinquentes
628 1069 686 1100 sub
710 1078 809 1111 poena
835 1066 979 1109 superius
999 1065 1036 1097 ad

296 1123 327 1156 id
362 1122 532 1155 constituta
550 1149 557 1161 ‚
583 1120 802 1163 exemplariter
826 1120 984 1162 corrigere
1009 1124 1035 1150 et

296 1176 410 1219 punire
448 1179 601 1208 teneatur.
627 1175 833 1207 Decernentes
858 1171 1036 1215 appellatio-

295 1239 359 1268 nes,
385 1228 623 1271 provocationes
647 1232 701 1259 aut
724 1236 938 1269 quascumque
963 1224 1037 1256 alias

296 1281 534 1315 reclamationes
551 1291 569 1312 a
586 1280 748 1313 monachis
765 1284 795 1312 et
815 1278 956 1322 personis
980 1278 1038 1310 liu-

297 1333 431 1367 iusmodi
467 1334 504 1366 ad
542 1333 641 1365 dictos
676 1334 794 1375 legatos
823 1343 878 1365 seu
907 1331 1038 1363 nuncios

296 1387 344 1419 vel
378 1387 517 1418 locorum
554 1385 748 1426 ordinarios,
784 1390 817 1417 ut
853 1384 1038 1427 praefertur,

297 1449 355 1482 pro
381 1443 520 1481 tempore
546 1437 744 1481 interpositas
769 1438 815 1469 vel
838 1437 1039 1480 interponen-

299 1491 375 1532 das,
411 1502 447 1523 ae
478 1501 642 1534 processus
677 1491 811 1533 desuper
840 1491 964 1523 habitos
997 1492 1041 1523 vel

299 1544 470 1584 habendos,
507 1554 629 1576 necnon
662 1543 734 1576 inde
771 1548 875 1576 secuta
910 1544 956 1576 vel
996 1555 1040 1575 se-

299 1597 424 1641 quenda
449 1607 675 1640 quaecumque,
692 1596 807 1628 nullius
832 1596 896 1629 sore
921 1596 1042 1629 roboris

298 1650 348 1683 >vel
376 1649 543 1689 momenti,
568 1660 603 1681 ac
632 1651 809 1692 generalem
843 1650 987 1683 abbatem
1014 1655 1039 1682 ct

300 1703 434 1736 vicarios
457 1713 580 1735 necnon
605 1703 782 1745 superiores
807 1704 978 1746 praefatos,
1004 1704 1042 1735 ad

300 1754 526 1788 correctionem
540 1759 568 1786 et
583 1754 777 1796 punitionem
793 1754 1041 1796 delinquentium

301 1808 529 1841 monachorum
554 1813 581 1839 et
608 1817 813 1849 personarum
839 1806 963 1839 Ordinis
986 1807 1043 1839 bu-

302 1860 458 1900 iusmodi,
484 1859 746 1903 appellationibus
771 1861 789 1900 ¹,
816 1861 1043 1902 provocationi-

302 1915 360 1947 bus
384 1919 412 1947 ct
439 1913 715 1946 reclamationibus
732 1913 912 1946 huiusmodi
928 1925 1044 1957 nequa—

301 1978 396 2010 quam
421 1966 631 2003 obstantibus,
656 1966 825 2008 procedere
843 1976 932 2008 posse
949 1968 1043 1999 etde-

302 2021 384 2053 bere.

347 2073 361 2115 ᾗ
377 2071 428 2104 27.
446 2072 628 2104 Praesentes
644 2082 769 2114 quoque
783 2071 901 2104 litteras
917 2073 954 2104 de
972 2074 1044 2104 sul)-

244 2124 455 2168 rejreptionis
493 2125 539 2156 vel
574 2123 768 2167 obreptionis
806 2129 860 2157 aut
895 2127 1044 2159 nullitatis

236 2176 401 2217 u¹⁰-vitio,
438 2187 492 2210 seu
527 2176 711 2209 intentionis
750 2182 874 2210 nostrae
914 2179 1043 2219 defectu,

304 2230 413 2272 quovis
437 2234 599 2273 praetextu
623 2229 801 2273 quaesitove
825 2232 1045 2266 coloreveliu-

305 2281 408 2324 genio,
433 2283 611 2315 nullatenus
635 2282 749 2323 notari,
771 2284 862 2325 argui
881 2286 925 2316 vel
943 2286 1045 2329 impu-

303 2336 392 2378 gnari
430 2346 539 2378 posse,
572 2335 793 2379 neminemque
825 2336 907 2376 illas,
938 2340 1045 2380 quavis

303 2378 341 2411 de
365 2390 469 2419 eausa,
487 2379 581 2411 ctiam
595 2379 776 2420 iustissima,
795 2380 1043 2423 impugnantem,

305 2422 336 2454 in
362 2421 478 2455 iudicio
502 2424 549 2454 vel
572 2428 667 2464 extra,
685 2423 877 2456 audiendum
895 2436 974 2461 essm
991 2438 1044 2458 uer

306 2467 380 2505 illas,
406 2467 464 2498 sul)
489 2466 649 2508 quibusvis
674 2467 822 2500 similium
849 2469 893 2500 vel
911 2469 1044 2502 ‹lisanu-

306 2511 380 2542 lium
417 2511 653 2543 concessionum
690 2512 927 2555 gratiarumque
960 2526 1044 2545 rew-

1064 496 1184 528 regum,
1219 485 1419 527 reginarum,
1452 485 1567 521 dueum
1606 493 1635 519 et
1674 487 1809 520 aliorum

1065 538 1243 580 principum
1271 537 1389 571 intuitu
1412 542 1439 569 et
1465 540 1737 582 contemplatione,
1756 545 1811 572 aut.

1066 591 1095 622 in
1121 601 1230 623 eorum
1256 591 1302 622 vel
1323 590 1419 622 etiam
1446 590 1560 623 nullius
1584 591 1731 632 savorem,
1751 592 1810 625 suh

1066 644 1315 686 quibuscumque
1335 643 1495 675 tenoribus
1512 648 1542 675 et
1558 643 1675 684 formis,
1690 654 1725 676 ac
1738 654 1810 676 cum

1065 695 1227 738 quibusvis
1256 695 1422 735 clausulis,
1456 706 1491 727 ac
1523 695 1617 728 etiam
1641 695 1704 728 vim
1736 706 1812 728 con*

1066 754 1183 783 tractus
1207 753 1261 780 aut
1285 748 1361 790 legis
1386 759 1440 780 seu
1464 748 1571 780 statuti
1597 748 1741 791 perpetui
1765 748 1813 781 in-

1066 800 1254 833 ducentibus
1285 800 1436 840 decretis,
1461 805 1491 833 et
1519 801 1594 834 alias
1619 801 1815 844 quomodolia

1066 854 1118 886 bet
1142 853 1297 886 concessis
1313 860 1340 885 et
1360 853 1578 894 concedendis,
1596 864 1632 886 ae
1652 854 1815 897 quibusvis

1066 905 1345 938 constitutionibus
1369 912 1398 938 et
1415 906 1674 939 ordinationibus
1691 911 1815 950 aposto-

1066 957 1144 997 licis,
1161 958 1295 1000 desuper
1308 958 1543 1001 quomodolibet
1562 958 1656 992 editis
1672 964 1701 991 et
1719 959 1813 991 eden-

1066 1009 1123 1049 dis,
1141 1009 1338 1052 aliquatenus
1362 1011 1605 1054 comprehendi,
1624 1022 1725 1055 neque
1754 1013 1814 1046 illis

1066 1062 1171 1105 aliquo
1188 1073 1328 1105 unquam
1350 1069 1499 1106 tempore,
1517 1064 1612 1096 etiam
1628 1075 1686 1107 per
1702 1064 1813 1097 Sedem

1066 1116 1238 1158 praefatam
1263 1116 1407 1158 derogari
1433 1126 1533 1159 posse,
1551 1127 1608 1149 nec
1625 1118 1812 1160 derogatum

1066 1168 1195 1209 censeri,
1221 1168 1280 1200 nisi
1306 1169 1343 1200 de
1369 1174 1432 1201 toto
1459 1174 1564 1201 tenore
1578 1174 1609 1201 et
1632 1169 1704 1202 data
1720 1180 1814 1213 prae-

1067 1220 1201 1253 sentium
1225 1232 1369 1264 expressa
1394 1222 1512 1254 mentio
1537 1222 1697 1258 liabita.ct
1722 1223 1814 1256 dero-⁴

1067 1273 1161 1316 gatio,
1179 1275 1351 1318 suspensio,
1378 1275 1543 1316 revocatio,
1568 1275 1723 1317 limitatio,
1747 1286 1814 1309 mo*

1067 1328 1206 1361 dificatio
1245 1329 1367 1372 aliaque
1401 1328 1572 1371 praemissa
1603 1328 1640 1360 de
1672 1328 1812 1361 Cistercii

1068 1382 1264 1424 aliorumque
1278 1386 1412 1424 quatuor
1426 1381 1601 1423 primorum
1616 1385 1812 1424 nuncupato—

1069 1445 1139 1466 rum
1157 1435 1306 1467 abbatum
1324 1435 1557 1477 praedictorum
1576 1443 1720 1476 expresso
1740 1444 1814 1466 con*-

1070 1498 1163 1520 sensu
1186 1488 1265 1520 sacta
1290 1487 1422 1526 sucriut;
1440 1492 1467 1519 et
1494 1487 1518 1519 si
1544 1487 1633 1519 aliter
1657 1487 1813 1530 derogari,-

1071 1540 1219 1581 revoeari,
1246 1540 1404 1582 suspendi.
1422 1539 1550 1572 limitari
1575 1545 1629 1572 aut
1652 1539 1814 1572 emendari

1071 1593 1256 1636 contigerit,
1282 1592 1462 1625 huiusmodi
1493 1593 1742 1635 derogationem,
1766 1603 1815 1626 re*

1073 1646 1276 1686 vocationem,
1302 1646 1552 1688 suspensionem,
1576 1645 1816 1687 limitationem,

1072 1699 1300 1731 correctionem
1341 1704 1371 1731 et
1409 1698 1662 1730 emendationem
1699 1697 1816 1730 nullius

1072 1762 1137 1783 csse
1162 1752 1285 1783 roboris·
1311 1752 1355 1783 vel
1373 1752 1523 1783 momenti
1538 1763 1545 1791 ;
1564 1756 1593 1784 et
1607 1751 1729 1794 quoties
1745 1750 1816 1784 illae

1073 1805 1119 1836 vel
1143 1804 1193 1836 illa
1218 1804 1418 1844 emanabant,
1438 1804 1528 1836 toties
1552 1804 1585 1836 in
1599 1804 1768 1847 pristinum
1785 1809 1816 1837 et

1074 1857 1299 1890 validissimum
1317 1863 1431 1889 statum
1450 1858 1619 1899 restitutas,
1631 1863 1660 1890 et
1674 1858 1712 1890 de
1724 1868 1817 1898 novo,

1073 1912 1167 1944 etiam
1200 1912 1256 1943 sub
1290 1922 1489 1954 quacumque
1522 1912 1594 1943 data
1625 1922 1681 1954 per
1712 1911 1815 1954 ipsum

1073 1965 1218 1997 abbatem
1246 1964 1429 1996 monasterii
1447 1964 1582 1997 cistercii
1601 1976 1659 2007 pro
1676 1970 1817 2008 tempore

1073 2018 1255 2050 existentem
1273 2017 1425 2059 eligenda,
1443 2027 1605 2050 concessas.
1617 2028 1682 2050 esse
1699 2023 1729 2050 et
1745 2028 1817 2051 cen-¹

1073 2083 1144 2105 seri.

1830 213 1885 241 An.
1895 213 1925 241 c.
1939 211 2010 262 1572

1116 2125 1131 2167 ἕ
1154 2123 1205 2156 28.
1231 2123 1343 2165 Sicque
1371 2133 1428 2166 per
1459 2133 1673 2166 quoscumque
1697 2124 1817 2157 iudices
1851 2135 1966 2156 Decretum
1988 2133 2022 2154 uu*

1074 2182 1103 2209 et
1127 2174 1376 2215 commissarios,
1402 2175 1511 2217 quavis
1535 2176 1722 2209 auctoritate
1745 2177 1816 2210 sun-

1074 2235 1199 2273 gentes,
1231 2228 1324 2262 etiam
1361 2228 1389 2260 S.
1423 2229 1457 2261 R.
1489 2229 1520 2261 E.
1558 2230 1733 2263 cardinales
1763 2235 1816 2264 aut

1074 2293 1240 2316 causarum
1283 2281 1392 2314 Palatii
1434 2282 1602 2325 Apostolici
1649 2283 1817 2326 auditores,

1075 2337 1196 2369 sublata
1220 2335 1264 2368 eis
1286 2340 1316 2368 et
1333 2345 1442 2367 eorum
1460 2335 1585 2368 cuilibet
1604 2337 1712 2379 quavis
1728 2337 1818 2371 aliter

1075 2389 1238 2422 iudicandi
1264 2393 1292 2421 et
1311 2388 1539 2431 interpretandi
1557 2389 1701 2423 facultate
1716 2396 1745 2423 et
1762 2402 1819 2424 aua

1074 2443 1235 2483 ctoritate,
1260 2441 1393 2475 iudicari
1418 2447 1445 2474 et
1472 2442 1596 2475 definiri
1621 2443 1750 2483 debere,
1776 2444 1819 2477 ir*

1075 2498 1171 2530 ritum
1196 2506 1320 2539 quoque
1345 2500 1373 2528 et
1393 2495 1494 2536 inane,
1513 2496 1536 2527 si
1556 2507 1643 2529 secus
1659 2507 1753 2540 super
1770 2497 1819 2531 his

305 2554 493 2591 rationibus,
512 2555 779 2596 susswnsionibus,
794 2556 1044 2597 burdationibus,
1075 2562 1092 2583 a
1116 2560 1293 2593 quoquam,
1319 2549 1426 2591 sinim-²
1457 2548 1659 2589 ³¹¹010Pi1ffiss,
1685 2550 1820 2583 SCiOUlffl'

342 2612 350 2634 l
375 2610 490 2635 Clwrub,
511 2610 577 2642 legit
598 2611 819 2641 applicationibus
838 2612 874 2644 (n.
893 2611 929 2643 T.)

1057 2605 1119 2639 ,vel
1143 2603 1336 2643 ignoranter,
1361 2602 1527 2640 contigerit
1550 2602 1708 2635 attentari.

1825 2163 1902 2184 timus.
