2059 3228
146 203 205 242 'Anſs
219 213 248 242 c.
268 208 334 244 158'3

392 205 456 240 4322

350 265 528 305 observari;
553 275 619 298 non
638 263 860 308 permittentes
879 265 1053 298 monachos
1070 270 1098 299 el

350 315 478 359 quasvis
497 314 575 348 alias
594 324 748 357 personas
763 313 924 347 dictorum
936 320 1097 348 monaste-

350 365 472 398 riorum
506 375 563 398 seu
591 363 740 397 locorum
773 368 829 396 aut
853 363 1024 405 domorum
1046 364 1097 397 de—

349 424 446 457 super
470 425 488 447 a
512 423 676 457 quoquam
694 413 702 424 ⁸
720 413 965 456 quomodolibet
999 414 1097 446 mole-

349 463 438 502 stari;
461 462 715 496 contradictores
729 462 889 506 quoslibet
908 474 945 496 ac
962 464 1098 497 rebelles

349 518 378 545 ct
398 512 583 556 praemissis
607 522 673 545 non
701 517 852 555 parentes
883 523 940 556 per
969 519 1096 547 senten-

348 562 419 602 tias,
460 572 613 596 censuras
648 567 679 595 et
709 565 830 605 poenas
864 563 1096 597 ecclesiasticas

346 611 476 654 aliaque
500 616 684 655 opportuna
708 610 787 644 iuris
806 616 837 644 et
850 611 926 645 facti
939 614 1093 654 remedia,

347 659 763 704 appellatione'postposita,
776 661 1025 705 compescendo,
1045 663 1095 696 in-

346 713 459 742 vocato
479 709 576 742 etiam
601 708 642 741 ad
662 709 735 750 hoc,
758 709 785 742 si
805 720 886 754 opus
910 710 1019 752 suerit,
1037 722 1095 744 au-

346 757 422 790 xilio
446 757 572 791 brachii
597 757 785 792 saecularis.

391 807 406 850 §
429 806 461 840 4.
484 807 554 840 Non
574 807 777 841 obstantibus
809 807 910 840 felicis
943 809 1094 842 recorda-

325 878 332 882 ·
349 856 444 890 tionis
468 855 622 890 Bonifacii
642 857 745 901 Papae
766 857 880 898 octavi,
907 858 1095 901 praedeces-

348 905 428 939 soris
447 905 562 945 nostri,
584 905 622 939 de
642 916 718 947 una,
742 912 772 939 et
789 907 919 940 concilii
937 909 1096 951 generalis

347 955 387 988 de
420 954 546 988 duabus
579 955 705 995 diaetis,
732 955 908 988 dummodo
933 956 1022 999 quis,
1048 957 1094 990 vi-

346 1014 423 1046 gore
442 1004 674 1048 praesentium,
699 1004 738 1036 ad
758 1003 915 1037 iudicium
932 1004 1017 1038 ultra
1032 1011 1096 1039 tres

347 1054 467 1087 diaetas
486 1063 551 1087 non
575 1053 734 1093 trahatur,
768 1053 903 1097 aliisque
938 1055 1094 1089 constitu-

346 1103 490 1136 tionibus
497 1108 529 1136 et
542 1102 802 1136 ordinationibus
815 1103 1012 1145 apostolicis;
1024 1115 1096 1138 nec-

343 1162 409 1186 non
428 1151 594 1196 quibusvis
620 1151 888 1185 concessionibus
912 1163 969 1185 seu
998 1154 1094 1187 unio-

342 1201 438 1234 nibus
457 1206 512 1233 aut
531 1199 806 1244 applicationibus
827 1200 966 1244 desuper
989 1202 1093 1243 factis,

343 1248 516 1283 contrariis
541 1248 816 1293 quibuscumque.
848 1250 910 1282 Aut
931 1250 957 1283 si
977 1250 1095 1295 aliqui-

343 1299 415 1339 bus,
442 1298 660 1331 communiter
679 1298 727 1331 vel
743 1297 882 1339 divisim,
898 1299 938 1331 ab
957 1300 1093 1344 Aposto-

342 1348 404 1381 lica
437 1347 478 1380 sit
511 1347 592 1380 Sede
616 1346 779 1380 indultum
810 1348 898 1402 quod
928 1348 1093 1391 interdici,

342 1395 495 1440 suspendi
519 1396 568 1429 vel
589 1396 865 1429 excommunicari
885 1407 950 1430 non
972 1398 1096 1442 possint

344 1456 402 1490 per
424 1441 548 1479 litteras
563 1445 757 1489 apostolicas
776 1456 842 1479 non
862 1446 1015 1480 facientes
1030 1448 1096 1492 ple-

343 1505 418 1528 nam
438 1499 468 1527 et
488 1505 601 1538 expres
603 1505 671 1528 sam
683 1505 720 1528 ac
732 1495 772 1528 de
787 1495 886 1529 verbo
907 1496 946 1529 ad
962 1498 1095 1531 verbum

344 1543 383 1577 de
403 1542 530 1577 indulto
549 1543 737 1582 huiusmodi
762 1545 973 1579 mentionem.

389 1593 404 1636 ἕ
424 1592 455 1626 5.
479 1592 640 1633 Ceterum,
663 1593 739 1637 quia
759 1594 890 1627 difficile
907 1595 987 1628 foret
1004 1606 1097 1639 prae-

217 1662 221 1674 .
240 1667 248 1677 ς
282 1667 303 1679 ῃ.
326 1649 451 1676 sentes
469 1642 593 1676 litteras
613 1643 652 1676 ad
684 1643 811 1686 singula
835 1654 983 1687 quaeque
1011 1645 1093 1687 loca,

246 1698 277 1710 ....

345 1691 402 1725 ubi
426 1702 558 1725 neeesse
590 1691 697 1731 fuerit,
729 1692 859 1732 deferri,
894 1693 1044 1727 volumus
1067 1700 1097 1728 et

345 1741 430 1774 dicta
454 1740 644 1774 auctoritate
668 1740 874 1774 decernimus
894 1743 981 1784 quod
1009 1749 1096 1776 tran-

345 1795 474 1833 sumpto
511 1788 730 1833 praesentium
764 1789 958 1831 litte1arum,
993 1792 1097 1834 sigillo

346 1838 485 1872 alicuius
504 1838 639 1893 praelati
660 1839 762 1872 eccles
765 1839 868 1872 iastici
900 1840 1040 1882 munito,
1067 1847 1097 1875 et

348 1898 448 1921 manu
471 1887 590 1921 notarii
610 1892 669 1922 etc.

391 1937 506 1970 Datum
527 1936 647 1970 Romae
667 1936 754 1981 apud
778 1937 931 1971 Sanctum
955 1908 1097 1979 Petrum,

349 1986 408 2019 suh
448 1986 569 2019 annulo
605 1985 776 2019 Piscatoris
792 2013 800 2028 ,
839 1986 889 2020 die
930 1997 991 2020 xxv
1028 1989 1098 2022 iulii

348 2045 522 2077 Manxxm,
548 2034 755 2079 pontificatus
774 2036 877 2070 nostri
908 2047 992 2070 anno
1021 2038 1100 2072 duo-

350 2084 490 2118 decimo.

398 2137 461 2168 Dat.
477 2138 524 2169 die
538 2137 578 2169 ⁶25
592 2138 659 2170 iulii
677 2139 764 2178 1583,
784 2139 889 2179 pontif.
908 2149 985 2171 anno
1002 2149 1052 2171 xn.

355 2306 569 2350 Confirmatio
585 2308 781 2341 diversorum
791 2308 1035 2353 privz'leyiurum
1041 2320 1101 2353 pro

399 2361 578 2395 doctoribus
610 2362 838 2406 philosophiae
861 2367 889 2397 et
923 2363 1102 2397 medicinae

399 2415 601 2458 colleqz'omm
619 2416 875 2450 Bononiensium
892 2416 919 2450 1.

356 2481 499 2517 Gregorius
513 2483 582 2518 Papa
590 2483 659 2516 1111,
671 2484 704 2512 ad
715 2485 875 2520 perpetuam
884 2483 925 2513 rei
934 2484 1102 2513 memoriam.

402 2539 419 2582 ἓ
436 2539 467 2572 ’1.
482 2540 580 2574 Tanta
597 2548 684 2582 sunt,
705 2552 788 2586 quae
803 2552 862 2587 per
880 2542 1104 2587 philosophiae

396 2616 408 2645 1
425 2614 469 2644 Ex
483 2615 594 2652 Regest,
609 2615 639 2647 in
652 2617 759 2648 secret.
775 2618 848 2648 Brev

940 211 1118 236 natantum
1142 210 1293 236 Romxmt

1142 269 1173 298 et
1205 262 1385 298 medicinae
1417 264 1582 300 scientiam
1612 265 1775 302 humanae
1806 265 1890 302 vitae

1143 318 1315 352 commoda
1347 318 1538 362 afferuntur,
1560 324 1597 354 ut
1615 319 1744 355 illarum
1767 320 1890 366 profes·
1902 305 1954 329 ’Μ

1142 382 1241 412 sores,
1264 371 1320 416 qui
1347 382 1406 416 pro
1430 372 1560 417 publica
1579 373 1715 408 utilitate
1738 374 1889 409 laborare

1141 435 1207 458 non
1227 431 1363 467 cessant,
1386 425 1476 460 Sedis
1504 427 1706 471 Apostolicae
1737 427 1888 472 benigni-

1140 484 1237 511 tatem
1259 478 1292 511 in
1311 489 1424 512 eorum
1446 479 1655 523 petitionibus
1674 485 1706 514 et
1723 480 1805 514 votis
1831 477 1896 515 ex·'

1140 532 1251 576 periri,
1273 538 1304 566 et
1323 531 1535 577 amplioribus
1558 533 1592 566 in
1611 533 1680 567 dies
1692 533 1889 568 ornamentis

1138 586 1287 619 decorari
1305 592 1566 631 promereantur.
1592 587 1716 632 Exponi
1728 587 1888 632 siquidem

1138 639 1231 672 nobis
1250 650 1356 684 nuper
1370 641 1516 674 fecerunt
1535 640 1643 675 dilecti
1662 640 1721 674 filii
1739 640 1889 676 doctores

1138 694 1362 739 philosophiae
1371 700 1400 728 et
1412 694 1590 729 medicinae
1598 694 1810 739 collegiorum
1826 705 1888 730 no-

1138 753 1222 781 strae
1243 747 1379 781 civitatis
1403 748 1578 791 Bononiae,
1592 759 1651 794 per
1669 748 1823 783 dilectum
1846 749 1888 783 fi-

1138 800 1217 834 lium
1237 808 1386 836 nostrum
1422 802 1610 848 Philippum
1637 802 1725 837 tituli
1749 802 1782 837 S.
1808 802 1888 837 Sixti

1138 855 1359 900 presbyterum
1384 855 1580 890 cardinalem
1598 856 1888 901 Boncompagnum

1137 915 1373 953 nuncupatum,
1394 909 1482 954 quod
1501 909 1563 954 ipsi
1592 910 1729 955 cupiunt
1756 909 1888 954 privile-

1136 961 1200 1005 gia,
1222 962 1456 1005 immunitates,
1478 963 1658 1005 facultateS,
1679 963 1845 998 libertates
1854 968 1888 998 et

1141 1015 1261 1049 ‘ndulta
1281 1015 1358 1061 ipsis
1378 1017 1522 1060 collegiis
1556 1028 1574 1051 a
1599 1017 1752 1051 Romanis
1774 1016 1887 1051 Ponti-

1139 1069 1252 1103 ficibus
1271 1070 1572 1114 praedecessoribus
1591 1071 1711 1105 nostris
1730 1081 1767 1105 ac
1786 1070 1887 1116 impe-

1138 1123 1299 1156 ratoribus
1323 1129 1354 1157 et
1379 1123 1510 1168 regibus
1534 1124 1671 1168 aliisque
1683 1123 1886 1169 principibus

1140 1187 1302 1217 soncessa,
1328 1183 1364 1210 ut
1394 1183 1570 1222 perpetuae
1598 1177 1759 1211 firmitatis
1784 1177 1887 1211 robur

1138 1230 1312 1271 obtineant,
1323 1236 1451 1264 nostrae
1459 1229 1887 1276 approbationismunimine

1137 1283 1321 1328 approbari.
1349 1283 1454 1323 Quare
1490 1284 1584 1317 nobis
1620 1283 1788 1318 humiliter
1810 1294 1888 1328 sup·

1138 1337 1252 1381 plicari
1271 1337 1419 1371 fecerunt
1439 1343 1474 1371 ut
1497 1348 1612 1371 eorum
1635 1338 1718 1372 votis
1739 1347 1886 1372 annuere

1136 1390 1176 1424 de
1199 1390 1395 1434 benignitate
1419 1391 1596 1436 apostolica
1619 1391 1839 1435 dignaremur.

1181 1444 1196 1488 g
1220 1444 1251 1477 2.
1272 1444 1335 1478 Nos
1355 1444 1463 1488 igitur,
1483 1445 1539 1489 qui
1559 1444 1744 1478 liberalium
1767 1444 1885 1478 artium

1138 1498 1337 1542 p1ofessores
1356 1499 1490 1542 speciali
1509 1499 1682 1532 dilectione
1715 1498 1885 1543 prosequi-

1138 1616 1189 1638 les
1199 1611 1354 1650 personas
1364 1617 1382 1639 a
1399 1606 1565 1650 quibusvis
1576 1605 1887 1639 excommunicatio-

1138 1658 1199 1700 nis,
1227 1659 1446 1704 suspensionis
1485 1667 1515 1693 et
1552 1658 1713 1693 interdicti
1750 1659 1887 1704 aliisque

1139 1712 1362 1746 ecclesiasticis
1374 1713 1551 1755 sententiis,
1563 1713 1708 1747 censuris
1717 1718 1748 1746 et
1758 1712 1885 1757 poenis,

1139 1777 1156 1799 a
1180 1766 1250 1799 iure
1269 1767 1317 1799 vel
1337 1767 1376 1799 ab
1406 1767 1551 1807 homine,
1585 1766 1695 1810 quavis
1718 1765 1888 1801 occasione

1139 1820 1188 1852 vel
1207 1830 1314 1859 causa,
1338 1820 1421 1861 latis,
1443 1820 1468 1853 si
1498 1819 1616 1863 quihus
1644 1819 1889 1864 quomodolibet

1139 1873 1283 1905 innodati
1308 1874 1460 1914 existunt,
1487 1873 1526 1906 ad
1560 1873 1710 1907 effectum
1734 1883 1888 1918 praesen-

1139 1925 1219 1958 tium
1240 1926 1403 1959 dumtaxat
1415 1927 1690 1970 consequendum,
1704 1927 1822 1960 harum
1836 1922 1897 1960 se-'

1140 1979 1186 2012 rie
1202 1979 1400 2013 absolventes
1411 1985 1440 2013 et
1451 1980 1615 2013 absolutos
1630 1981 1697 2014 fore
1705 1986 1886 2022 censentes,

1139 2032 1328 2065 huiusmodi
1343 2033 1633 2077 supplicationibus
1649 2034 1807 2076 inclinati,
1820 2044 1890 2067 om-

1140 2086 1194 2120 nia
1226 2092 1258 2120 et
1289 2086 1415 2130 singula
1447 2087 1625 2131 privilegia,
1654 2087 1886 2129 immunitates,

1139 2140 1414 2184 praeeminentias,
1435 2140 1615 2182 facultates,
1636 2141 1886 2186 praerogativas,

1140 2193 1314 2235 libertates,
1355 2193 1472 2238 gratias
1510 2199 1541 2227 ct
1581 2195 1706 2228 indulta
1746 2194 1898 2242 collegiis-

1140 2247 1325 2291 praedictis,
1337 2252 1402 2280 tam
1420 2247 1460 2280 ab
1480 2247 1557 2291 ipsis
1572 2247 1782 2281 Pontificibus
1793 2257 1888 2292 prae·

1142 2301 1366 2334 decessoribus
1390 2300 1520 2342 nostris,
1542 2311 1638 2345 quam
1659 2301 1698 2334 ab
1719 2301 1890 2345 imperato-

1143 2355 1233 2388 ribus
1252 2360 1283 2388 et
1306 2354 1436 2398 regibus
1456 2354 1610 2388 Romanis
1643 2365 1679 2387 ac
1703 2355 1772 2388 aliis
1798 2353 1889 2398 prin-

1144 2408 1271 2453 cipibus
1295 2419 1459 2449 concessa,
1494 2418 1634 2451 quorum
1664 2409 1808 2441 omnium
1841 2412 1888 2440 te-

1144 2473 1251 2503 noreS‚
1273 2472 1310 2496 ac
1334 2462 1360 2495 si
1379 2461 1418 2495 de
1437 2461 1534 2495 verbo
1554 2461 1593 2494 ad
1613 2461 1747 2494 verbum
1768 2460 1889 2493 insere-

1145 2518 1257 2546 rentur
1279 2512 1514 2556 praesentibus,
1539 2511 1649 2544 haberi
1670 2510 1817 2543 volumus
1831 2518 1890 2553 pro

1145 2562 1314 2605 expressis,
1336 2566 1496 2605 quatenus
1515 2560 1579 2594 sint
1603 2559 1634 2592 in
1654 2570 1714 2593 usu
1735 2563 1765 2592 ct
1791 2557 1891 2591 sacris

1147 2611 1327 2646 canonibus
1345 2621 1383 2645 ac
1397 2612 1589 2655 praesertim
1612 2608 1750 2642 decretis
1783 2606 1892 2641 conci·

1899 1493 1987 1514 tutionis
2020 1506 2024 1509 -

1900 1525 1948 1550 dne,
1963 1527 1986 1546 et
2006 1533 2019 1541 ν·

1138 1562 1223 1593 mut,
1246 1552 1457 1595 collegiorum
1481 1552 1722 1597 praedictorum
1742 1552 1886 1596 singula·
1900 1555 2020 1614 ἓξὲξ-,πί

1929 275 2033 306 moru-
2031 270 2034 284 l

1924 1460 1991 1482 caua
2005 1471 2017 1478 «κ
