2059 3228
81 206 132 234 An.
152 206 180 235 C.
195 207 261 236 1587

101 741 218 764 Exordium.

97 1812 177 1834 Causae
194 1813 254 1833 huius

71 1849 228 1864 concessionis.

320 197 384 229 OM

610 254 681 287 CVI.

285 324 468 368 approbatio
496 321 754 365 conyrrqalimtis
784 319 930 362 fratrum
961 319 1023 352 Mi-

316 387 432 409 norem
465 375 736 409 Commmalinm
772 374 1023 416 reformatorum

316 430 350 463 S.
368 429 548 466 Francisci,
568 439 639 461 cum,
655 428 785 460 liabitas
801 428 1024 470 desiqnaeione

316 487 345 516 cl
361 483 608 526 privileyt'orunt
632 481 924 514 communicatione
941 480 966 512 ¹.

342 564 438 593 Sixtus
457 563 607 598 episcopus.
628 569 725 590 servus
745 568 886 590 servorum
898 560 958 596 Dei,

403 617 437 645 ad
460 617 624 652 perpetuam
641 616 683 644 rei
706 615 877 643 memoriam.

316 679 491 723 Apostolici
518 678 662 712 muneris
692 677 890 718 sollicitudo,
917 677 1022 710 divina

272 733 523 777 dispensatione,
546 732 640 766 nobis
663 731 738 765 licet
763 731 1021 770 immerentibus,

272 787 431 829 delegata,
459 786 678 819 indesinenter
707 785 845 829 requirit
874 790 909 817 ut
938 784 1021 817 circa

271 844 389 874 statum
405 840 630 883 religiosarum
646 849 858 883 personarum
872 848 1024 882 quarum-

270 894 361 935 libet,
388 894 517 926 illarum
542 893 732 937 pracsertim
754 903 836 936 quae
857 903 893 925 ex
913 892 1020 935 singu-

270 947 330 981 lari
355 947 534 981 devotionis
554 948 677 980 fervore
704 947 762 979 sub
788 946 940 979 strictiori
961 944 1022 978 Re-

270 1000 400 1044 ligionis
420 1000 494 1044 iugo
509 1006 637 1044 gratum
650 1001 713 1033 Deo
730 1001 919 1033 famulatum
932 1010 1024 1042 prae-

271 1060 356 1087 stare
384 1054 536 1087 affectant
553 1059 583 1087 et
603 1055 758 1087 continuo
784 1053 946 1093 insistunt,
973 1064 1022 1085 as-

270 1108 361 1142 sidua
388 1108 504 1141 mentis
525 1107 717 1150 cogitatione
743 1107 956 1150 invigilantes,
983 1107 1020 1140 ad

270 1172 320 1201 ea,
342 1172 400 1205 per
420 1172 503 1205 quae
518 1162 674 1201 regularis
694 1161 778 1194 vitae
794 1161 973 1194 institutum
991 1161 1020 1193 iu

270 1214 386 1248 melius
410 1212 580 1258 dirigatur,
606 1215 758 1259 ipsaeque
785 1226 941 1258 personae
970 1226 1021 1248 re-

269 1269 402 1312 ligiosae
422 1269 455 1302 in
476 1270 663 1302 huiusmodi
676 1280 786 1302 earum
808 1268 1021 1302 laudabiliin-

269 1323 392 1364 stituto,
420 1329 544 1356 remoto
569 1322 776 1367 quocumque
807 1323 1021 1366 perturbatio-

269 1376 318 1409 nis
338 1382 369 1409 et
390 1377 555 1409 molestiae
568 1377 745 1416 obstaculo,
759 1376 868 1419 quiete
884 1387 921 1409 ac
937 1381 1023 1409 tran-

868 186 1222 223 nuttamuwnoutiunu

1065 251 1136 283 loca
1156 249 1189 282 in
1215 243 1380 294 provincia
1403 243 1563 284 Mai-chiae
1582 250 1815 293 Anconitanae,

1063 303 1097 336 in
1117 302 1281 343 Hetruria,
1303 313 1341 336 ac
1361 303 1394 335 in
1414 303 1624 348 Neapolitano
1640 311 1671 338 et
1687 305 1818 340 Siciliae

1064 356 1183 399 regnis,
1209 356 1243 390 in
1272 356 1393 400 quibus
1428 356 1531 400 ipsam
1565 357 1718 400 Regulam
1753 369 1818 393 ser-

1064 420 1149 450 vare,
1173 415 1204 444 et
1222 410 1402 444 secundum
1423 409 1511 443 illam
1535 409 1640 443 vivere
1668 417 1812 455 possent,

1065 463 1309 506 acquisiverunt
1329 469 1360 497 et
1372 469 1594 507 acceptarunt.
1613 463 1700 497 Licet
1710 470 1817 498 autem

1065 515 1097 549 in
1114 516 1270 550 domibus
1290 522 1321 550 et
1340 516 1419 550 locis
1439 516 1639 557 huiusmodi,
1661 517 1720 550 sub
1745 519 1820 552 obe-

1065 569 1185 603 dientia
1205 570 1397 614 protectoris
1417 575 1448 603 et
1467 569 1676 614 superiorum
1692 570 1819 604 Ordinis

1064 622 1203 657 fratrum
1224 624 1384 657 Minorum
1409 623 1676 658 Conventualium
1705 625 1820 658 huius-

1065 678 1154 711 modi
1180 678 1298 719 vivant,
1319 688 1379 711 nec
1399 678 1472 711 ideo
1496 678 1535 711 ab
1556 669 1664 722 aliquo
1692 678 1820 722 potuis-

1064 736 1136 765 sent
1164 742 1224 766 nec
1253 731 1378 776 possint
1406 732 1456 765 vel
1476 731 1667 765 debuissent
1686 737 1742 764 aut
1762 732 1819 765 de-

1065 786 1163 819 beant
1183 796 1281 830 super
1308 786 1355 819 sic
1378 785 1556 819 reformato
1576 784 1701 818 vivendi
1723 786 1820 819 modo

1064 850 1123 883 per
1133 850 1336 884 quemquam
1346 838 1511 873 molestari
1526 838 1575 871 vel
1596 838 1758 882 impediri;
1771 839 1821 872 ni-

1063 893 1242 927 hilominus
1263 893 1298 926 in
1317 893 1513 937 quibusdam
1525 892 1617 933 locis,
1639 898 1671 926 et
1689 893 1830 945 potissi-¹

1064 958 1154 980 mum
1176 947 1209 980 in
1230 947 1397 991 praedicto
1419 946 1548 981 Siciliae
1575 956 1689 990 regno,
1719 947 1819 993 aliqui

1063 1003 1209 1035 locorum
1246 1001 1415 1044 ordinarii,
1447 1002 1507 1036 sub
1536 1005 1705 1045 praetextu
1733 1002 1820 1045 quod

1063 1059 1143 1091 baec
1164 1057 1302 1091 fratrum
1323 1057 1584 1090 Reformatorum
1610 1056 1819 1100 congregatio

1063 1122 1144 1144 nova
1162 1122 1199 1144 ac
1219 1120 1426 1155 nequaquam
1457 1110 1497 1144 ab
1525 1111 1709 1154 Apostolica
1737 1111 1818 1145 Sede

1062 1165 1241 1209 approbata
1262 1164 1423 1205 existeret,
1446 1165 1665 1208 permiserunt
1683 1164 1816 1208 quidem

1062 1219 1149 1262 ipsos
1176 1219 1288 1251 fratres
1308 1218 1510 1251 Reformatos
1530 1219 1682 1253 ecclesias
1698 1220 1731 1253 et
1745 1220 1817 1253 loca

1061 1272 1214 1305 fabricari
1239 1273 1345 1306 facere
1366 1278 1397 1305 et
1416 1272 1598 1318 acquirere,
1625 1272 1681 1307 sed
1705 1279 1817 1318 postea

1062 1337 1117 1359 eos
1137 1326 1199 1358 illis
1220 1326 1260 1358 de
1280 1327 1364 1359 facto
1385 1326 1586 1370 spoliarunt;
1608 1327 1662 1361 alii
1682 1338 1758 1361 vero
1782 1327 1816 1360 in

1062 1380 1132 1414 aliis
1153 1380 1232 1413 locis
1252 1380 1381 1413 cosdem
1403 1391 1501 1424 super
1529 1381 1641 1414 habitu
1669 1381 1815 1426 ipsorum

270 1430 440 1474 quillitatis
459 1430 653 1463 amoenitate
666 1441 872 1474 perseverare
884 1432 1021 1470 valeant,
1039 1431 1043 1472 ξ
1062 1440 1093 1468 et
1113 1445 1169 1467 seu
1190 1434 1262 1467 aliis
1282 1445 1319 1467 ac
1340 1445 1437 1478 super
1457 1434 1528 1467 aliis
1548 1435 1762 1468 molestarum
1785 1439 1816 1468 et

268 1483 464 1527 propensius
489 1484 707 1523 intendamus,
731 1495 767 1517 ac
791 1484 822 1516 in
847 1484 897 1517 his
922 1484 1021 1517 officii

269 1537 370 1570 nostri
389 1543 497 1581 partes
508 1537 646 1570 libenter
657 1537 913 1581 interponamus,
926 1543 1023 1581 prout

1064 1488 1295 1532 inquietarunt.
1328 1488 1407 1521 Cum
1438 1494 1558 1529 autem,
1590 1488 1674 1522 sicut
1702 1489 1814 1522 eadem

1064 1542 1174 1585 petitio
1200 1542 1429 1585 subiungebat,
1448 1542 1534 1575 dicti
1562 1543 1675 1576 fratres
1704 1543 1816 1576 Refor-

269 1591 426 1635 undique,
450 1591 556 1624 debite
586 1591 727 1633 pensatis
756 1591 1020 1631 circumstantiis,
1064 1597 1137 1629 malj
1160 1596 1304 1640 provide,
1328 1602 1359 1629 et
1378 1607 1418 1629 nc
1438 1596 1525 1640 ipsos
1541 1607 1719 1640 eorumque
1735 1606 1814 1629 con-

269 1645 488 1688 conspicimus
510 1645 541 1677 in
562 1644 698 1677 Domino
728 1645 901 1677 salubrium·
926 1656 1021 1689 expc—
1063 1650 1282 1694 negationem
1307 1660 1405 1693 super
1434 1649 1621 1694 praemissis
1650 1649 1816 1693 contingat

269 1698 352 1731 dire.

313 1751 327 1795 ξ
361 1752 393 1785 1,
421 1753 503 1785 Sanc
534 1753 672 1785 exhibita
704 1752 796 1786 nobis
826 1763 930 1796 nuper
963 1764 1021 1797 pro

268 1811 359 1850 parte
384 1806 578 1839 dilectorum
601 1807 741 1839 filiorum
764 1807 898 1839 fratrum
920 1807 1021 1840 Mino-

268 1869 339 1891 rum
349 1859 609 1892 conventualium
619 1860 878 1893 Reformatorum
888 1860 1021 1893 S.Fran-

268 1912 343 1946 cisci
374 1913 486 1956 petitio
513 1913 699 1946 continebat
723 1914 822 1957 quod,
846 1914 937 1946 aunis
957 1914 1019 1946 iam

267 1966 416 2010 pluribus
454 1967 633 2006 retroacti&
679 1967 828 2000 nonnulli
868 1967 1019 2000 Ordinem

267 2020 402 2053 fratrum
429 2021 588 2054 Minorum
605 2021 636 2054 S.
660 2021 835 2061 Francisci,
863 2021 924 2053 iam
943 2027 1018 2054 tunc

268 2085 415 2118 expres-sc
453 2076 610 2119 professi,
655 2076 825 2109 strictioris
878 2076 1019 2117 Religio-

267 2129 317 2162 nis
338 2129 448 2170 iugum
479 2130 600 2170 subire,
628 2141 665 2163 ac
694 2129 837 2163 eiusdem
863 2131 893 2163 S.
923 2131 1018 2162 Fran-

268 2182 343 2215 cisci
380 2184 532 2226 Regulam
574 2183 818 2227 institutumque
852 2183 941 2227 pium
982 2195 1018 2216 ac

267 2242 413 2269 sanctum
440 2237 581 2269 exactius
601 2237 691 2280 sequi
712 2243 808 2280 :itque
834 2236 965 2276 imitari,
989 2242 1018 2269 et

268 2289 325 2321 sub
352 2289 415 2322 illis
444 2291 544 2333 magis
574 2296 702 2333 gratum
732 2291 796 2323 Deo
829 2291 1017 2323 famulatum

268 2342 419 2375 exhibere
446 2349 665 2387 peroptantes,
688 2350 863 2387 coeperunt
896 2344 1019 2387 seipsos

267 2395 353 2428 iuxta
380 2398 524 2429 eamdem
545 2397 699 2441 Regulam
727 2398 879 2442 paulatim
916 2399 1018 2430 refor-

267 2459 366 2489 mare,
390 2451 628 2494 nonnullasque
653 2452 777 2488 domos,
801 2457 1014 2484 ‹pnventusot
1037 2438 1042 2517 ι

302 2518 311 2543 l
336 2517 375 2543 Dc
396 2522 451 2544 tntu
480 2522 572 2544 autem
595 2518 699 2545 Ordine
722 2518 908 2545 Fraurisruno
934 2519 1016 2553 pli-ue

265 2561 356 2587 notavi
369 2562 395 2587 in
405 2562 515 2589 constit.
528 2569 602 2590 Lxxu
615 2562 730 2590 llonorii
742 2563 787 2596 1tt‚.
800 2564 878 2598 «solet,
893 2567 958 2591 tom.
973 2570 1012 2593 ιιι,

266 2612 328 2640 pag.
344 2605 405 2633 394.

1048 2412 1050 2414 ’
1074 2400 1117 2440 0}
1141 2399 1169 2432 ΞΣ.
1197 2399 1258 2431 Nos
1279 2397 1387 2440 igitur,
1409 2396 1463 2440 qui
1486 2405 1640 2439 personas
1664 2394 1805 2434 devotas,

1036 2539 1106 2579 iti-r
1136 2546 1363 2590 prosequimur
1387 2544 1559 2582 favoribus,
1589 2541 1718 2575 eosdem
1745 2540 1806 2572 sra-

1033 2575 1039 2644 i
1059 2603 1121 2630 tres

1064 1705 1198 1738 ¹iltcrius
1223 1703 1410 1747 inquietari,
1444 1710 1544 1747 utque
1574 1713 1728 1747 praesens
1761 1713 1813 1736 re-

1063 1759 1212 1792 formatio
1233 1757 1333 1801 magis
1354 1757 1505 1798 stabilita,
1528 1767 1594 1790 non
1614 1757 1717 1790 solum
1743 1767 1812 1790 ma-

1062 1818 1268 1853 nuteneatur,
1306 1812 1361 1845 sed
1394 1811 1631 1844 incrementum
1661 1810 1809 1855 accipiat,

1061 1865 1192 1910 speciali
1217 1870 1327 1898 nostro
1347 1870 1377 1898 et
1397 1864 1487 1899 Sedis
1507 1864 1692 1908 praedictae
1712 1863 1810 1907 privi-

1062 1920 1158 1961 legio,
1180 1924 1213 1952 ut
1236 1919 1329 1959 infra,
1352 1919 1477 1952 dilectis
1493 1918 1568 1950 siliis
1584 1923 1766 1961 protectore
1780 1921 1812 1950 et

1062 1973 1213 2015 magistro
1244 1972 1386 2015 generali
1417 1972 1492 2005 dicti
1529 1971 1658 2005 Ordinis
1688 1970 1720 2003 in
1748 1971 1821 2005 hoc'

1061 2028 1155 2060 etiam
1173 2026 1460 2066 consentientibus,
1480 2025 1666 2069 praefulciri
1686 2024 1812 2058 deside-

1062 2087 1142 2120 rent,
1170 2092 1206 2114 ac
1232 2091 1291 2124 pro
1325 2085 1416 2123 parte
1449 2079 1637 2112 eorumdem
1673 2079 1809 2111 fratrum

1061 2136 1318 2168 llelormatorum
1344 2134 1436 2167 nobis
1457 2133 1516 2165 fuit
1541 2132 1706 2165 humiliter
1735 2143 1811 2175 sup-

1063 2189 1214 2233 plicatum
1241 2193 1401 2231 quatenus
1422 2187 1453 2219 in
1474 2185 1661 2230 praemissis
1688 2195 1808 2228 oppor-

1061 2249 1135 2275 tune
1161 2241 1343 2286 providere,
1363 2252 1400 2273 ac
1420 2251 1474 2273 cos
1494 2239 1526 2272 in
1552 2237 1738 2272 huiusmodi
1754 2236 1809 2282 pio

1061 2302 1087 2329 et
1111 2295 1264 2328 laudabili
1286 2293 1452 2338 proposito
1474 2293 1643 2326 confovere
1661 2291 1699 2325 de
1719 2290 1810 2324 beni-

1059 2350 1179 2389 gnitate
1199 2348 1378 2392 apostolica
1398 2348 1620 2390 dignaremur.

1061 2447 1248 2492 pracsertim
1271 2457 1344 2479 vcro
1364 2457 1417 2479 cas
1433 2456 1525 2489 quae,
1547 2443 1659 2476 relicto
1671 2442 1805 2482 mundo,

1151 2597 1351 2630 Rcsormatos
1382 2606 1418 2627 ac
1448 2594 1578 2627 illorum
1611 2590 1754 2634 singulos
1787 2598 1860 2622 anu.

1869 2410 2021 2459 confirmant?
2051 2428 2055 2449 Ι

1822 2442 1908 2481 Ordinis
1955 2442 2022 2495 fra-„³2

1060 2494 1220 2530 Christum
1239 2502 1368 2529 secutae
1388 2500 1474 2534 sunt,
1498 2492 1691 2537 specialibus
1705 2474 2020 2533 1ἰ])6Π-;ἷῑ”ἶι’;ιιῗέὦῗῗιιῗ.ῑ

1820 2538 1888 2557 torum
1911 2538 2020 2562 eorum-q

1820 2573 1860 2594 quo
1871 2569 2022 2592 reformatio-1*
