2059 3228
111 248 161 277 An.
176 251 204 278 c.
226 251 292 279 1580
351 240 412 274 700
921 238 1100 264 BULLARIUM
1120 240 1268 265 nomm-u
1860 245 1914 275 An.
1927 245 1958 276 c·
1993 245 2032 273 5}
2050 239 2052 269 ς

306 303 332 344 -ξ
357 302 422 344 Ego
450 299 585 332 loannes
613 295 751 340 Baptista
772 292 945 327 cardinalis
975 293 1055 327 San·
1098 294 1252 327 laudabili
1277 296 1441 340 proposito
1461 297 1641 340 confovere,
1663 304 1693 332 et
1711 299 1754 333 ita
1765 299 1844 333 alios
1993 280 2010 288 Γ

330 353 390 387 ’cti
415 351 554 386 Marcelli
575 349 740 394 promitto,
754 358 853 381 voveo
874 352 905 380 et
924 346 1008 380 iur0.
1096 347 1135 380 ad
1156 357 1268 380 corum
1290 348 1445 382 imitanda
1464 350 1596 394 vestigia
1617 351 1764 393 incitare,
1784 363 1843 397 pro
1990 323 2028 391 ᾗ
2048 380 2050 390 ,,

304 410 331 450 ›1‹
354 407 418 450 Ego
433 404 620 439 Vincentius
635 401 808 437 cardinalis
822 400 936 435 Montis
951 401 1053 444 Rega-
1097 402 1247 446 pastorali
1268 402 1375 436 officio
1395 403 1548 437 divinitus
1567 405 1751 447 commisso,
1771 406 1844 451 plu-
1991 391 2023 437 ’ἦ
2047 402 2049 436 l

345 461 384 494 lis
400 459 566 504 promitto,
586 467 686 491 voveo
706 461 737 490 et
755 455 840 489 iuro.
1095 455 1214 488 rimum
1235 466 1363 499 semper
1383 456 1590 491 intendimus.
1997 439 2026 491 ‘i
2046 494 2048 520 ν

301 517 329 557 *1⁴
352 515 416 558 Ego
436 513 542 557 Scipio
563 511 736 546 cardinalis
752 509 967 544 Lancellottus
981 519 1053 552 pro—
1140 509 1155 553 g
1180 509 1211 541 l.
1238 509 1320 542 Sane
1338 521 1412 543 cum
1428 510 1468 543 ad
1489 521 1547 544 nos
1562 521 1668 556 nuper
1683 513 1841 556 perlatum
1885 521 1907 543 in
1937 528 1965 544 m

344 568 448 609 mitto,
466 577 562 600 voveo
582 572 613 599 et
636 565 718 598 iuro.
1094 562 1190 596 suerit
1214 562 1246 595 in
1266 569 1369 597 vestro
1391 564 1597 605 monasterio,
1618 565 1752 599 sublatis
1769 552 1957 610 qui-{⁵315}
1982 557 2027 597 ἕ,

300 626 328 666 ἢ·
350 624 415 666 Ego
434 620 622 655 Vincentius
635 618 809 652 cardinalis
821 617 967 660 Gonzaga
979 619 1052 661 pro‘-
1092 616 1295 660 buscumque
1305 616 1410 660 pravis
1427 617 1594 658 abusibus,
1608 617 1842 652 institutionem
1856 613 2015 670 2333&
2044 612 2045 618 ¹

343 677 447 718 mitto,
472 685 569 709 voveo
589 680 621 708 et
641 674 724 707 iuro.
1093 675 1124 702 et
1144 669 1348 714 disciplinam
1376 671 1587 705 monasticam
1610 671 1642 704 in
1662 672 1759 715 longe
1777 682 1844 706 me·
1857 675 2000 697 ιιιιιοιπι·

297 733 325 774 ἢ
348 731 413 775 Ego
437 729 598 763 Henricus
616 724 1049 769 cardinalisCaietanuspro-
1092 723 1205 757 liorem
1231 724 1368 758 sormam
1398 724 1578 758 restitutam
1608 731 1638 758 et
1662 725 1841 769 reintegra·
1983 715 2007 725 ”

123 2504 239 2525 cumdium.

341 785 447 825 mitto,
469 793 568 816 voveo
593 787 623 815 et
642 780 726 814 iuro.

295 842 323 882 ἦ
346 839 412 883 Ego
439 838 484 871 Io.
507 836 648 880 Baptista
667 832 839 868 cardinalis
862 831 1048 866 Castrucius

339 892 506 938 promitto,
525 900 622 924 voveo
643 894 675 922 et
694 888 779 921 iuro.

294 951 322 991 ᾗ·
346 948 411 991 Ego
422 946 445 980 F
447 945 595 980 edericus
605 941 777 977 cardinalis
788 939 957 974 Cornelius
969 949 1046 983 pro-

337 1001 442 1042 mitto,
469 1009 567 1033 voveo
588 1003 619 1031 et
639 996 723 1030 iuro.

294 1058 320 1099 ·]·
344 1056 410 1098 Ego
429 1052 618 1088 Dominicus
629 1048 802 1084 cardinalis
814 1046 957 1080 Pinellus
971 1056 1045 1090 pro-

337 1109 440 1149 mitto,
462 1117 559 1140 vovco
580 1110 611 1138 et
626 1103 709 1137 iuro.

290 1165 318 1205 -ζ-
340 1163 406 1206 Ego
437 1161 554 1194 Decius
583 1156 754 1192 cardinalis
783 1153 950 1188 Azzolinus
970 1163 1044 1197 pro-

335 1217 438 1256 mitto,
460 1224 559 1248 voveo
575 1218 606 1246 et
625 1211 710 1244 iuro.

289 1273 316 1313 ἢ·
339 1271 405 1313 Ego
426 1267 618 1312 Hippolytus
638 1262 810 1298 cardinalis
830 1259 1043 1294 Aldobrandi-

333 1335 393 1357 uus
414 1321 580 1366 promitto,
595 1328 700 1356 ¹voveo
716 1322 748 1350 et
767 1316 852 1349 iuro.

288 1380 316 1421 ἦ·
339 1379 403 1421 Ego
423 1373 648 1409 Ferdinandus
665 1369 840 1405 cardinalis
859 1368 898 1401 de
911 1367 1042 1401 Medicis

333 1430 497 1476 promitto,
516 1437 612 1461 voveo
628 1430 658 1460 et
677 1425 760 1458 iuro.

288 1487 315 1528 ἦ·
339 1485 404 1527 Ego
427 1482 596 1526 Philippus
618 1477 790 1513 cardinalis
808 1474 1041 1509 Vastavillanus

333 1537 499 1583 promitto,
524 1544 623 1568 voveo
643 1538 675 1566 et
689 1532 772 1565 iuro.

286 1595 314 1637 ἦ
338 1593 404 1633 Ego
428 1589 619 1624 Franciscus
640 1585 812 1621 cardinalis
831 1583 947 1618 Sfortia
963 1592 1039 1627 pro·

333 1646 435 1684 mitto,
455 1644 527 1677 iuro
547 1647 578 1676 et
597 1651 706 1675 voveo.

286 1702 314 1743 ἦ
338 1700 403 1743 Ego
413 1696 593 1732 Alexander
599 1692 773 1728 cardinalis
782 1691 956 1725 Montaltus
967 1699 1040 1734 pro-

332 1754 432 1793 mitto,
450 1752 522 1785 iuro
543 1756 574 1784 et
592 1759 704 1782 voveo.

325 1812 387 1843 Dat.
404 1812 452 1842 die
469 1811 504 1841 211
524 1809 629 1850 aprilis
647 1806 735 1843 1586,
753 1805 858 1845 pontis.
876 1813 954 1834 anno
976 1812 996 1834 1.

611 1986 710 2024 XLRV.

286 2068 501 2112 Confirmatio
529 2062 788 2108 conqreyationis
812 2060 932 2094 Beatae
964 2058 1035 2091 Ma-

331 2126 399 2157 riae
426 2121 591 2156 Futiensis
617 2116 790 2151 strictioris
817 2112 1036 2147 observantiae

329 2175 560 2210 'nonachorum
573 2171 708 2205 Ordinis
720 2167 942 2203 Cisterciensis
951 2165 1036 2199 San-

329 2232 374 2263 cti·
400 2228 586 2267 Benedicti,
608 2236 680 2259 cum
707 2223 893 2268 qratiarum
916 2220 1034 2262 elarqi-

330 2287 425 2318 lione.

324 2367 420 2395 sixtus
434 2363 542 2400 rapav.
556 2363 590 2391 ad
601 2362 762 2397 perpetuam
771 2358 812 2388 rei
823 2355 993 2386 memoriam.

327 2437 502 2480 Religiosos
520 2435 616 2473 viros,
639 2433 708 2477 qui,
732 2430 839 2464 divino
858 2427 973 2473 spiritu
985 2425 1031 2459 as-

284 2492 362 2529 ssati,
391 2491 575 2529 arctiorem,
596 2498 692 2532 quam
718 2485 757 2519 ab
780 2483 872 2517 initio
896 2479 1030 2525 professi

1092 781 1166 817 tam,
1186 774 1305 821 vosque
1336 778 1502 822 religionis
1526 784 1557 812 et
1575 779 1701 823 pietatis
1732 788 1841 812 amore

1089 831 1133 864 ita
1153 831 1302 866 incensos
1322 831 1456 866 existere
1475 838 1510 865 ut
1528 843 1592 866 non
1613 833 1717 866 solum
1733 832 1774 866 ab
1784 842 1841 866 esu

1089 885 1237 918 carnium
1248 885 1509 930 quibuscumque
1522 891 1584 919 tem
1590 886 1735 930 poribus,
1744 885 1838 919 etiarn

1088 938 1126 972 ab
1143 939 1287 973 Ecclesia
1306 939 1484 984 permissis,
1506 945 1537 973 et
1555 951 1573 973 a
1593 946 1672 984 potu
1691 939 1757 972 vini
1768 939 1840 980 abs·

1086 991 1225 1033 tineatis‚
1247 993 1302 1026 sed
1323 992 1419 1026 etiam
1439 993 1472 1026 in
1491 993 1668 1034 laboribus,
1696 991 1835 1032 ieiuniis,

1086 1046 1301 1087 orationibus,
1334 1047 1439 1080 carnis
1464 1047 1679 1080 maceratione
1699 1052 1732 1080 et
1750 1056 1838 1080 mor-

1086 1099 1261 1133 tificatione
1298 1100 1436 1145 aliisque
1476 1100 1695 1144 poenitentiae
1732 1098 1839 1145 operi-

1084 1154 1144 1186 bus
1175 1153 1364 1188 exercendis
1396 1153 1590 1187 strictiorem
1625 1159 1656 1187 et
1693 1153 1836 1187 severio-

1084 1217 1164 1248 rem,
1187 1218 1285 1251 quam
1304 1206 1420 1251 reliqui
1440 1207 1589 1240 monachi
1610 1206 1718 1240 Sancti
1733 1207 1836 1241 Bene-

1084 1262 1162 1296 dicti
1186 1260 1406 1295 Cisterciensis
1429 1259 1568 1302 Ordinis,
1599 1260 1758 1304 Regulam
1775 1259 1835 1294 ob-

1084 1326 1212 1350 servare
1231 1315 1396 1349 studeatis.

1126 1371 1142 1414 g
1165 1369 1197 1404 Ξ.
1223 1369 1298 1410 Nos,
1319 1374 1458 1402 vestram
1485 1369 1570 1402 hanc
1593 1368 1679 1413 piam
1699 1373 1731 1402 et
1749 1368 1835 1402 salu-

1083 1429 1183 1457 tarem
1217 1423 1429 1456 intentionem
1449 1422 1627 1467 plurimum
1647 1422 1680 1455 in
1695 1421 1833 1456 Domino

1082 1476 1358 1516 commendantes,
1381 1485 1446 1520 quo
1461 1475 1564 1519 magis
1577 1480 1693 1520 pacato
1706 1481 1737 1509 et
1746 1480 1834 1509 trau-

1082 1531 1184 1575 quillo
1200 1530 1308 1564 animo
1325 1530 1358 1562 in
1377 1529 1567 1563 humilitatis
1587 1529 1702 1574 spiritu
1718 1528 1833 1562 divinis

1081 1584 1246 1628 obsequiis
1279 1583 1439 1624 insistere,
1469 1582 1628 1627 piumque
1650 1582 1830 1616 institutum

1082 1638 1233 1683 prosequi
1266 1638 1386 1682 absque
1419 1636 1652 1681 impedimento
1689 1635 1828 1681 possitis,

1081 1692 1193 1726 vestris
1225 1690 1517 1736 supplicationibus
1547 1689 1706 1730 inclinati,
1735 1688 1828 1729 ritus,

1081 1757 1197 1786 mores,
1211 1745 1295 1778 vitae
1309 1755 1457 1778 normam
1474 1749 1505 1777 et
1516 1743 1778 1777 reformationem
1789 1742 1829 1775 ad

1080 1799 1252 1833 arctiorem
1271 1797 1431 1842 regularis
1449 1796 1639 1841 disciplinae
1659 1796 1827 1829 observan-

1080 1854 1155 1887 tiam
1184 1853 1217 1886 in
1237 1852 1324 1886 istud
1348 1850 1708 1893 monasteriumnuper
1727 1848 1829 1883 intro-

1078 1907 1221 1947 ductam,
1255 1905 1432 1939 dummodo
1461 1903 1562 1937 sacris
1595 1901 1774 1936 canonibus
1796 1907 1829 1935 et

1079 1959 1208 1994 concilii
1235 1958 1415 1994 Tridentini
1448 1957 1588 1992 decretis
1615 1967 1653 1991 ac
1676 1956 1826 2000 supradi-

1077 2020 1148 2047 ‹·tae
1168 2013 1277 2048 Sancti
1292 2012 1458 2047 Benedicti
1475 2011 1615 2055 Regulae
1634 2008 1831 2054 iampridem,

1077 2067 1269 2101 auctoritate
1307 2065 1484 2111 apostolica
1520 2064 1718 2109 approbatae
1746 2073 1824 2097 con·

1076 2132 1154 2155 sona
1186 2121 1262 2163 sint,
1295 2120 1489 2154 auctoritate
1521 2117 1741 2163 praesentium
1770 2127 1825 2161 ap-

1076 2176 1252 2219 probamus
1268 2180 1300 2208 et
1320 2173 1563 2213 confirmamus,
1590 2171 1711 2215 illaque
1729 2180 1822 2215 prae-

1075 2228 1214 2262 sentium
1238 2228 1421 2262 litterarum
1442 2224 1623 2270 patrocinio
1644 2223 1821 2258 communi-

1075 2293 1159 2323 mus,
1179 2283 1332 2326 vobisque
1352 2291 1388 2314 ac
1409 2280 1484 2321 iltis,
1502 2279 1559 2324 qui
1582 2277 1749 2323 perpetuis
1772 2277 1820 2310 su-

1074 2337 1155 2371 turis
1181 2335 1383 2381 temporibus
1416 2334 1448 2367 in
1468 2333 1529 2367 isto
1554 2330 1750 2365 monasterio
1776 2341 1824 2363 re-

1074 2392 1219 2434 gularem
1247 2387 1479 2434 professionem
1508 2384 1696 2424 emiserint,
1720 2389 1756 2416 ut
1785 2393 1821 2416 ea

1073 2442 1242 2474 obseware
1258 2438 1346 2472 licite
1367 2435 1506 2481 possitis,
1527 2433 1691 2468 licentiam
1703 2442 1820 2466 conce-

1072 2490 1187 2522 dimus.

1988 801 1995 815 Δ
2019 791 2021 794 .

1874 1374 1913 1397 ute
1935 1375 1964 1397 vn

1848 1411 1894 1428 Qun
1920 1412 1960 1434 {pp
1974 1432 1981 1434 -
2009 1415 2025 1424 t·

1872 2537 1928 2565 Snpe
1952 2551 1953 2554 =

286 2548 303 2579 si
320 2547 415 2584 e-int,
433 2557 468 2578 ac
484 2543 599 2588 priscis
617 2546 800 2575 sanctorum
821 2542 950 2580 patrum
966 2543 1031 2566 mo·
1073 2562 1089 2577 ,
1116 2538 1130 2581 g
1154 2537 1185 2571 3.
1213 2535 1440 2571 interdicimus
1464 2532 1560 2566 etiam
1587 2529 1713 2565 dilectis
1744 2528 1909 2589 ΙίΙίἰςΙεΗΙἹί
1948 2566 1964 2573 a

286 2600 373 2632 ribus
401 2598 499 2641 magis
528 2596 664 2629 similem
685 2593 764 2626 vitae
787 2590 946 2624 rationem
971 2586 1029 2620 sibi
1071 2587 1177 2620 abbati
1208 2583 1394 2619 monasterii
1417 2581 1572 2622 Cistercii,
1599 2575 1816 2614 Cabiloncnsis
1841 2599 1919 2620 mm„
2022 2606 2023 2610 ,

286 2653 360 2697 ipsis
380 2656 491 2695 suapte
516 2655 628 2694 sponte
650 2645 888 2692 praescribunt,
914 2642 947 2675 in
971 2649 1029 2674 suo
1046 2632 1051 2681 Ι
1071 2636 1237 2677 dioecesis,
1248 2634 1427 2677 ceterisque
1436 2629 1658 2676 superioribus
1667 2638 1726 2672 pro
1738 2632 1815 2660 tem-
1829 2630 1884 2652 ⁶²⁶¹*
1927 2627 2006 2662 '¹4'

1959 2811 1977 2846 ἴ
