2059 3228
31 1843 84 1874 rit,-

170 329 242 355 rum
252 317 372 354 litteras
379 329 453 353 cum
461 318 625 363 quibusvis
636 315 798 360 clausulis,
814 320 910 353 etiam

166 373 445 417 derogatoriarum
473 373 696 414 derogatoriis,
718 383 845 406 necnon
865 373 909 406 ir·

168 425 338 460 ritantibus
369 431 400 459 et
431 426 502 458 aliis
531 426 667 460 decretis
693 431 856 460 emanatas
879 430 911 459 et

163 479 374 518 emanandas,
395 479 434 512 ad
454 479 640 522 quorumvis
663 478 858 519 instantiam,
878 483 910 512 et

162 542 203 566 ex
220 542 424 576 quacumque
438 543 546 574 causa,
561 533 654 566 etiam
668 532 841 576 probabili,
856 532 909 565 de-

163 585 270 628 rogari
289 590 344 618 aut
367 584 556 628 derogatum
577 585 700 618 censeri
724 595 789 618 non
816 594 908 629 posse

159 637 338 670 decernant
357 642 387 670 et
405 637 588 678 declarent3
604 648 708 681 neque
722 637 909 681 permittant

162 689 293 723 eosdem
312 690 439 734 priores
455 701 491 723 ac
511 691 776 724 communitatem
796 696 828 724 et
845 691 905 724 h0-—

161 741 267 776 mines
304 753 362 786 per
400 753 624 787 quoscumque
661 743 907 786 quomodolibet

159 795 358 838 gratificatos
373 801 404 830 et
423 797 623 839 qualilicatos
638 797 815 837 molestari,
837 807 907 841 per—

161 848 287 882 turbari
302 859 358 882 seu
370 849 555 893 inquietari,
577 861 650 882 cum
666 849 828 891 facultate,
848 861 906 894 per

159 911 195 935 se
213 901 263 935 vel
281 902 381 936 alium
398 913 454 935 seu
473 903 552 935 alios
563 904 609 935 vel
628 914 740 936 corum
753 904 902 943 alterum,

156 953 301 988 breviter
319 960 352 988 et
369 955 543 988 summarie
569 966 606 989 ac
636 956 703 989 sine
724 955 856 1000 strepitu
875 961 905 990 et

156 1007 265 1051 figura
283 1008 407 1048 iudicii,
424 1009 491 1042 sola
504 1008 577 1042 facti
597 1010 726 1043 veritate
747 1010 901 1054 inspecta,

157 1070 272 1094 omnes
284 1066 316 1094 et
329 1072 550 1105 quascumque
566 1063 764 1096 differentias
781 1069 811 1096 et
829 1073 904 1096 con-

158 1113 330 1154 tentiones,
342 1114 368 1147 si
381 1125 461 1158 quas
474 1115 724 1158 praemissorum
734 1116 903 1149 occasione

158 1167 401 1211 quomodolibet
420 1168 498 1201 oriri
525 1168 708 1211 contigerit,
735 1169 901 1209 audiendi,

156 1220 390 1263 cognoscendi,
426 1221 594 1254 decidendi
631 1222 765 1265 fineque
795 1222 903 1255 debito

158 1273 370 1314 terminandi;
393 1274 645 1307 contradictores
678 1275 840 1317 quoslibet
866 1286 903 1308 ac

158 1325 296 1360 rebelles
325 1337 383 1369 per
417 1336 568 1360 censuras
610 1327 840 1361 ecclesiasticas
872 1333 903 1362 et

158 1378 362 1423 pecuniarias
394 1390 526 1423 poenas,
561 1380 751 1414 auctoritate
779 1386 898 1422 nostra,

155 1432 377 1476 appellatione·
414 1433 608 1477 postposita,
653 1435 900 1478 compescendo;

157 1486 402 1525 necnonetiam,
417 1497 518 1530 super
535 1487 586 1520 his
600 1486 756 1520 habendis
772 1487 901 1521 servatis

157 1539 377 1583 processibus,
392 1540 564 1574 sententias
576 1547 606 1574 et
620 1551 772 1574 censuras
783 1547 813 1574 et
826 1553 902 1585 poe-

157 1601 215 1625 nas
225 1591 309 1636 ipsas
319 1592 417 1626 etiam
425 1593 545 1626 iteratis
556 1594 679 1626 vicibus
686 1595 897 1637 aggravando,

157 1643 308 1679 invocato·
322 1645 467 1679 etiamad
486 1647 560 1687 hoc,
583 1647 608 1680 si
624 1658 706 1691 opus
721 1647 828 1688 fuerit,
846 1658 900 1680 au-

157 1696 239 1731 xiliov
247 1697 371 1732 brachii
391 1700 576 1733 saecularis.

202 1749 218 1794 ἓ
246 1750 301 1785 10.
326 1751 399 1785 Non·
422 1751 621 1785 obstantibus
649 1755 834 1795 praemissis
863 1764 900 1786 ac

44 1819 50 1821 -
95 1823 146 1839 m.
159 1803 233 1847 piae
245 1804 419 1838 memoriae
435 1805 588 1838 Bonifacii
603 1806 707 1850 Papae
716 1806 792 1846 vlu,
806 1817 899 1849 prae-

159 1856 336 1892 decessoris
353 1858 467 1898 nostzri,
484 1859 523 1892 de
536 1859 900 1902 u11a„etconciliigene-

159 1908 290 1947 italiszde
299 1909 424 1943 duabus
438 1911 560 1951 diaetis,
581 1912 756 1945 dummodo
768 1912 838 1955 quis
853 1913 899 1945 vi-

159 1971 243 2004 gorev
255 1964 474 2007 praesentium
493 1965 534 1998 ad
552 1965 709 1999 iudicium
731 1966 815 1999 ult-ra
836 1973 900 1999 tres

158 2014 280 2050 diaetas
288 2025 355 2050 non
365 2018 569 2059 traliatur‚,et
579 2019 686 2062 aliqua
702 2019 899 2062 possessione

157 2068 207 2102 vel
226 2068 335 2104 forsan
353 2071 562 2114 usurpatione
590 2073 628 2105 dc
658 2083 721 2104 non
747 2073 899 2105 solvendo
930 2083 932 2086 ·

152 2126 193 2155 et.-
199 2123 449 2164 contribuendo,
462 2134 499 2158 ac
510 2130 618 2158 nostra
630 2125 668 2158 dc
679 2136 743 2158 non
755 2126 899 2159 tollendo

157 2171 229 2208 iure
239 2175 384 2218 quaesito
399 2182 429 2210 ct
443 2177 514 2211 aliis
533 2177 750 2212 Cancellariae
763 2180 899 2222 Aposto-

157 2225 239 2266 licae
258 2228 389 2270 regulis,
409 2234 440 2262 et
464 2229 629 2272 quibusvis
652 2230 722 2263 aliis
742 2231 899 2264 constitu—

157 2278 300 2314 tionibus
310 2281 603 2315 etordinationibus
621 2283 808 2327 apostolicis
816 2296 824 2325 ;
839 2290 900 2317 sta-

158 2331 299 2375 tutisque
316 2337 349 2366 ct-
361 2335 658 2376 consuetudinibus,
681 2337 775 2369 etiam
797 2337 901 2370 muni-

157 2384 329 2429 cipalibus3
350 2386 523 2430 privilegiis
542 2399 687 2432 quoque,
718 2390 852 2423 indultis
870 2396 900 2423 et

158 2435 274 2470 litteris
291 2439 486 2481 apostolicis,
509 2441 602 2473 etiam
620 2452 678 2484 per
690 2442 760 2485 piae
776 2452 899 2475 memo-

159 2484 226 2519 riae
245 2485 367 2520 Sixtum
392 2487 509 2530 Papam
526 2488 574 2529 IV,
593 2488 741 2522 similiter
765 2491 899 2532 praede-

152 2541 320 2569 cessorem
339 2540 497 2575 nostrum,
519 2537 670 2570 fratribus
691 2538 787 2571 Tertii
807 2538 899 2572 Ordi-

149 2579 208 2614 nis
219 2581 404 2616 huiusmodi
420 2594 457 2616 ac
469 2584 636 2626 quibusvis
651 2586 808 2626 ecclesiis,
832 2598 900 2620 mo-

149 2631 318 2672 „nastenis
335 2630 509 2665 Ordinibus
528 2638 559 2665 et
577 2633 639 2676 piis
658 2634 748 2675 locis,
771 2635 900 2669 univer-

275 2679 351 2712 Bult.
364 2680 441 2713 Rom.
462 2681 516 2712 Vol.
538 2681 608 2712 VIII.
767 2683 804 2713 28

765 265 945 292 macomus
967 264 1022 290 xm
1044 265 1092 290 1²1³.

951 318 1099 352 sitatibus
1118 323 1148 351 et
1168 319 1335 360 militibus,
1363 319 1567 360 officialibus,
1590 320 1695 352 curia-

951 370 1035 404 libus
1063 376 1095 404 et
1122 371 1286 414 quibusvis
1313 372 1383 406 aliis
1412 373 1573 416 personis,
1599 372 1694 405 etiam

949 429 1024 457 actu
1038 423 1143 456 officia
1153 434 1210 457 sua
1224 425 1459 467 exercentibus,
1469 425 1695 459 ecclesiasticis

950 481 981 509 et
999 476 1071 510 aliis
1090 476 1300 520 privilegiatis
1324 478 1491 521 personis,
1518 478 1551 512 in
1577 488 1694 522 genere

948 529 997 562 vel
1009 528 1042 562 in
1050 529 1170 574 specie,
1188 530 1248 563 sub
1259 531 1519 575 quibuscumque
1527 532 1694 565 tenoribus

948 588 980 615 et
998 582 1122 622 formis
1144 593 1182 616 ac
1201 594 1275 617 cum
1291 584 1466 627 quibusvis,
1481 586 1577 618 etiam
1592 585 1691 618 nero-

948 634 1146 678 gatoriarum
1168 636 1392 677 derogatoriis,
1413 637 1508 670 etiam
1533 648 1590 681 per
1608 638 1690 671 viam

947 688 1038 732 legis,
1059 689 1254 729 sententiae,
1271 690 1380 722 statuti
1401 690 1464 723 sive
1488 696 1688 731 contractus,

946 742 1032 788 pacti
1059 748 1090 775 et
1118 742 1340 776 transactionis
1365 744 1538 783 clausulis,
1567 744 1690 777 etiamsi

947 796 1025 828 tales
1053 795 1144 836 sint,
1177 795 1215 828 de
1246 795 1363 839 quibus
1392 796 1445 828 hic
1482 807 1627 840 expressa
1659 802 1689 830 et

947 848 1097 891 specifica
1118 860 1155 881 ac
1176 849 1214 881 de
1233 849 1329 882 verbo
1351 849 1390 881 ad
1417 849 1549 882 verbum
1570 850 1689 883 mentio

946 900 1016 940 fieri
1037 901 1179 942 deberet,
1207 912 1243 934 ac
1263 902 1321 934 sub
1343 902 1604 945 quibuscumque
1620 913 1688 935 vcr-

945 953 1060 986 borum
1072 954 1184 987 formis
1195 960 1224 987 et
1240 955 1416 999 tenoribus,
1435 955 1529 987 etiam
1544 955 1575 987 in
1589 956 1689 988 forma

945 1006 1062 1047 brevis,
1089 1008 1148 1040 sub
1169 1008 1320 1051 plumbo,
1341 1013 1405 1040 turn
1428 1019 1485 1052 per
1510 1019 1567 1041 nos
1593 1019 1689 1051 quam

945 1070 1004 1103 per
1037 1060 1302 1103 praedecessores
1342 1067 1467 1094 nostros
1509 1072 1545 1093 ac
1574 1061 1688 1094 Sedem

944 1113 1142 1156 praedictam
1163 1113 1297 1157 eiusque
1316 1114 1437 1156 legatos
1451 1140 1458 1153 ,
1486 1114 1580 1146 ctiam
1601 1120 1689 1146 motu

943 1166 1078 1210 proprio
1097 1177 1134 1199 ac
1149 1166 1228 1200 alias
1247 1167 1504 1211 quomodolibet,
1516 1167 1548 1199 in
1564 1172 1689 1200 contra-

943 1219 1028 1252 rium
1048 1220 1220 1260 concessis,
1241 1220 1428 1264 approbatis
1447 1225 1478 1253 et
1497 1221 1665 1256 innovatis:

987 1272 1002 1315 ἓ
1028 1271 1082 1306 tl.
1112 1273 1244 1306 Necnon
1263 1283 1470 1316 quacumque
1496 1273 1688 1306 inhibitione

943 1324 1048 1358 dictae
1067 1325 1252 1369 provinciae
1273 1326 1313 1358 de
1333 1331 1363 1358 ct
1389 1336 1488 1368 super
1507 1326 1690 1369 praemissis

943 1378 1093 1412 omnibus
1113 1383 1144 1412 et
1162 1379 1295 1422 singulis
1314 1379 1498 1422 specialiter
1523 1379 1686 1423 loquente,

942 1442 979 1465 ac
999 1432 1098 1464 etiam
1116 1443 1321 1476 quacumque
1336 1432 1389 1465 lite
1403 1438 1435 1465 et
1455 1443 1563 1473 causa,
1586 1443 1688 1475 quan-

942 1485 1059 1518 tumvis
1072 1485 1239 1526 instructa3
1257 1496 1294 1518 ac
1311 1497 1441 1518 causam
1462 1492 1491 1519 et
1507 1485 1688 1519 eausashu-

942 1539 1080 1572 iusmodi
1107 1545 1139 1571 et
1161 1539 1234 1572 lites
1253 1549 1366 1572 omnes
1386 1549 1484 1582 super
1503 1539 1688 1582 praemissi>⁴

941 1591 1185 1634 quomodolibet
1198 1597 1301 1624 motas
1317 1592 1365 1624 vel
1381 1592 1553 1624 movendas
1566 1592 1603 1624 ad
1617 1603 1685 1629 nos,

941 1644 1029 1677 dicta¹
1049 1644 1240 1678 auctoritate
1272 1644 1447 1688 apostolica
1475 1650 1507 1677 et
1535 1655 1572 1677 ex
1600 1651 1684 1677 certa

941 1697 1301 1737 scientia,advocantes;
1315 1698 1449 1740 illasque
1471 1707 1508 1730 ex
1528 1708 1614 1730 nunc
1631 1709 1686 1740 pv-

941 1750 1027 1783 nitus
1047 1750 1269 1793 extinguentes
1289 1756 1316 1783 et
1339 1751 1552 1790 annullantes,
1573 1760 1609 1783 ac
1628 1762 1685 1793 pro

942 1799 1087 1831 extinctis
1112 1809 1148 1831 ac
1179 1799 1354 1831 annullatis
1384 1798 1493 1831 haberi
1526 1799 1683 1834 volentes,

941 1847 1063 1880 etiamsi
1083 1858 1140 1890 per
1153 1847 1401 1891 appellationem
1414 1852 1441 1879 et
1457 1847 1489 1879 in
1506 1847 1616 1890 quavis
1636 1847 1684 1878 in-

941 1896 1056 1928 stantia
1066 1901 1175 1928 nostra
1186 1896 1200 1917 1
1213 1895 1386 1939 quibusvis,
1396 1895 1491 1927 etiam
1509 1895 1684 1927 camerario

941 1950 1056 1977 nostro>
1070 1949 1103 1977 ct
1120 1944 1225 1977 dictae
1245 1955 1389 1977 camerac
1402 1943 1583 1977 clericisve]
1595 1953 1687 1986 praru

940 1992 1074 2032 sidente,
1088 1993 1297 2026 autciusdem
1318 1992 1428 2025 Palatii
1448 1992 1593 2024 auditore
1609 2001 1685 2034 pen-

941 2041 1070 2081 dentes,
1094 2042 1273 2084 cetcrisque
1294 2042 1325 2073 in
1346 2041 1543 2073 contrarium
1563 2039 1683 2072 sacien-

941 2089 1026 2122 tibus
1045 2101 1109 2122 non
1122 2090 1321 2123 obstantibus
1335 2090 1603 2132 quibuscumque3
1621 2094 1683 2120 sta-

940 2143 1009 2169 tum
1031 2144 1061 2170 et
1092 2144 1205 2170 merita
1234 2149 1347 2170 causae
1376 2144 1404 2170 et
1436 2147 1625 2176 causarum,
1656 2147 1681 2168 si

940 2197 1023 2229 quae
1044 2192 1127 2222 sunt,
1148 2197 1273 2219 necnon
1295 2186 1534 2229 privilegiorum
1549 2210 1556 2224 ‚
1578 2185 1684 2217 indul-

941 2240 1068 2273 torum,
1093 2235 1355 2271 immunitatum,
1387 2234 1574 2275 oratiarum,
1609 2243 1684 2266 con-

941 2283 1123 2316 cessionum
1149 2289 1177 2315 ct
1199 2284 1335 2315 aliorum
1360 2283 1411 2314 liic
1435 2283 1473 2314 dc
1496 2282 1684 2315 necessitate

941 2332 1220 2375 exprimendoruni
1242 2338 1369 2363 tenores
1389 2337 1419 2363 et
1432 2331 1631 2374 compendia,
1647 2343 1683 2364 ac

941 2380 965 2412 si
978 2380 1016 2413 de
1025 2380 1121 2412 verbo
1134 2380 1171 2411 ad
1184 2380 1328 2418 verbum,
1340 2389 1404 2410 nou
1414 2385 1519 2412 autem
1532 2381 1683 2422 perclau-

941 2429 1026 2461 sulas
1041 2428 1205 2471 generales
1220 2427 1303 2459 idem
1323 2427 1682 2469 iinportantes‚inse1‘ta

941 2478 1058 2515 forent,
1089 2476 1285 2518 nominaque
1314 2480 1344 2507 et
1377 2477 1569 2518 cognomina
1598 2477 1681 2509 indi-

942 2537 1016 2559 cum
1037 2533 1067 2559 et
1087 2525 1330 2567 collitigantium
1355 2535 1413 2567 pro
1434 2525 1527 2568 plene
1548 2532 1579 2559 et
1597 2528 1684 2559 sulli-

943 2576 1065 2608 cienter
1095 2574 1251 2617 expressis
1278 2573 1453 2613 habentes,
1472 2573 1546 2614 illis,
1576 2581 1681 2615 motti,

978 2648 989 2673 1
1008 2645 1139 2680 Legimus
1151 2645 1291 2679 instantia,
1308 2652 1399 2671 coram
1419 2649 1457 2679 (R.
1474 2646 1523 2680 Τ.).

1708 262 1757 289 ΛΠ.
1775 261 1804 289 C.
1825 261 1887 290 1578
