2059 3228
80 266 147 298 ¹579

156 322 208 352 cto
217 315 288 351 filio
311 325 482 352 causarum
502 316 615 351 Curiae
634 315 786 351 Gamerae
812 316 899 360 Apo-

152 423 342 457 mandamus
377 428 538 466 quatenus
569 422 630 467 ipsi
662 422 711 456 vel
738 422 803 455 duo
840 426 896 455 aut

151 487 236 512 unus
262 486 388 516 eorum,
409 487 468 520 per
491 487 524 510 se
533 476 581 510 vel
606 476 705 509 alium
724 485 781 509 seu
796 474 892 515 alios,

150 533 332 574 praesentes
350 528 471 562 litteras
487 535 518 562 et
532 529 564 562 in
580 528 624 562 eis
639 533 787 562 contenta
795 538 894 572 quae-

148 591 302 626 cumque,
327 581 383 615 ubi
408 587 440 615 et
465 581 594 626 quando
617 591 700 625 opus
726 580 835 622 fuerit,
854 591 892 614 ac

147 635 273 679 quoties
291 645 351 679 pro
370 641 460 679 parte
471 634 628 678 generalis
646 634 694 667 vel
716 634 891 667 monacho-

145 697 219 722 rum
233 686 308 721 dicti
317 687 444 721 Ordinis
459 687 578 721 fuerint
596 686 754 731 requisiti,
771 687 890 720 sotem-

145 740 230 776 niter
257 740 470 784 publicantes,
496 740 625 784 illisque
654 739 687 772 in
706 739 889 783 praemissis

142 793 282 828 efficacis
301 793 496 828 defensionis
521 793 683 837 praesidio
693 792 885 833 assistentes,

142 846 262 881 faciant
279 847 468 880 auctoritate
478 852 587 880 nostra
597 846 773 890 praemissa
779 845 887 880 omnia

142 905 174 934 et
183 899 308 944 singula
317 900 357 934 ab
365 900 527 940 omnihus,
540 900 578 933 ad
588 910 669 943 quos
688 905 820 943 spectat,
835 899 886 932 in-

140 953 332 988 violabiliter
342 953 515 986 observari.
524 952 780 986 Contradictores
791 961 886 996 quos-

140 1005 218 1040 libet
226 1016 264 1040 ac
283 1007 419 1040 rebelles
433 1012 465 1039 et
483 1005 665 1050 praemissis
681 1016 747 1039 non
766 1016 884 1050 paren-

139 1063 198 1098 tes,
216 1069 275 1103 per
285 1058 471 1098 sententias,
489 1069 641 1092 censuras
657 1064 688 1092 et
704 1069 823 1102 poenas
836 1070 885 1092 ec—

139 1111 333 1146 clesiasticas
342 1112 470 1156 aliaque
479 1117 662 1156 opportuna
676 1112 758 1145 iuris
769 1117 800 1145 et
807 1112 883 1145 facti

137 1164 291 1206 remedia,
309 1164 525 1209 appellatione
543 1165 732 1208 postposita,
753 1176 883 1209 compe-

138 1217 271 1260 scendo,
293 1218 442 1252 invocato
471 1218 567 1251 etiam
589 1218 628 1251 ad
647 1218 722 1258 hoe,
750 1218 775 1252 si
799 1225 882 1262 opus

137 1269 245 1311 fuerit,
267 1270 385 1305 auxilio
403 1271 528 1304 brachii
548 1271 733 1304 saecularis.

179 1323 196 1368 5
213 1323 268 1359 lo.
280 1324 350 1358 Non
363 1324 563 1358 obstantibus
573 1324 674 1357 felicis
686 1324 882 1358 recordatio·

114 1376 187 1412 ,nis
199 1377 355 1411 Bonifaeii
378 1377 482 1421 Papae
498 1378 573 1417 VIII,
596 1378 635 1410 de
656 1388 730 1418 una,
751 1384 782 1410 et
802 1388 880 1411 con-

137 1429 203 1464 cilii
212 1430 417 1474 generalisde
427 1431 554 1464 duabus
568 1431 692 1470 diaetis,
703 1431 879 1464 dummodo

134 1483 206 1528 quis
225 1483 331 1528 vigore
341 1484 561 1528 praesentium
574 1485 612 1517 ad
626 1484 783 1517 iudicium
795 1485 879 1517 ultra

134 1542 199 1571 tres
216 1536 338 1571 diaetas
355 1547 421 1571 non
439 1537 597 1576 trahatur,
615 1548 651 1570 ac
668 1537 739 1581 piae
755 1548 878 1571 memo-

133 1589 201 1623 riae
211 1589 370 1631 LeonisX,
383 1590 667 1633 praedecessorum
680 1596 875 1630 nostrornm,

132 1653 231 1687 super
255 1643 412 1676 electione
440 1643 651 1676 diffinitorum
679 1643 756 1676 dicti
784 1642 878 1676 Ordi-

132 1694 183 1729 nis
193 1695 352 1736 facienda,
373 1707 410 1729 ac
433 1695 655 1729 Lateranensis
678 1695 808 1728 concilii
823 1706 878 1729 no-

132 1748 260 1783 vissime
279 1749 444 1789 celebrati,
459 1749 596 1782 uniones
616 1755 801 1792 perpetuas,
817 1748 877 1782 nisi

131 1801 166 1836 in
191 1801 318 1836 casibus
345 1813 364 1836 a
382 1801 453 1836 iure
472 1802 647 1845 permissis,
668 1801 740 1835 fieri
764 1801 877 1846 prohi-

131 1853 247 1894 hemis,
268 1866 305 1889 ac
332 1861 441 1889 nostra
460 1855 499 1888 de
523 1855 698 1888 unionibus
727 1855 877 1888 commit-

131 1908 236 1942 tendis
253 1909 293 1942 ad
305 1914 424 1952 partes,
436 1908 555 1942 vocatis
575 1919 713 1951 quorum
735 1908 876 1949 interest,

132 1966 165 1994 et
195 1961 403 2006 exprimendo
421 1972 496 1995 vero
515 1962 635 1998 valore,
657 1967 688 1995 et
711 1961 877 2005 quibusvis

104 2035 109 2038 -
131 2013 202 2048 aliis
237 2014 519 2048 constitutionibus
557 2021 587 2047 et
616 2015 876 2048 ordinationibus

130 2067 326 2112 apostolicis;
335 2078 372 2101 ac
379 2067 660 2108 monasteriorum,
672 2067 874 2111 prioratuum

130 2125 162 2153 et
177 2119 306 2154 Ordinis
323 2121 524 2160 huiusmodi,
551 2121 744 2161 iuramento,
760 2121 876 2155 confir-

130 2173 272 2206 matione
294 2172 471 2217 apostolica
495 2174 543 2206 vel
581 2174 691 2216 quavis
723 2174 875 2207 firmitate

129 2225 192 2259 alia
206 2225 376 2267 roboratis,
386 2226 511 2259 statutis
525 2232 557 2260 et
572 2226 872 2267 consuetudinibu53

129 2278 305 2323 privilegiis
318 2289 461 2323 quoque,
473 2279 604 2312 indultis
617 2286 648 2312 et
662 2279 778 2313 litteris
797 2291 875 2324 apo-

129 2331 260 2372 stolicis,
274 2332 307 2365 in
327 2332 524 2365 contrarium
544 2332 785 2375 quomodolibet
800 2342 876 2365 con-

130 2384 238 2424 cessis,
265 2384 449 2428 approhatis
480 2389 512 2417 et
543 2384 701 2417 innovatis
716 2398 725 2424 ·,
757 2384 875 2427 quibus

129 2437 290 2479 omnibus,
303 2447 415 2471 eorum
431 2442 559 2470 tenores
574 2437 800 2481 praesentibus
814 2448 873 2480 pro

130 2482 286 2531 expressis
303 2486 471 2525 habentes,
497 2486 560 2518 illis
579 2486 657 2518 aiias
680 2486 713 2518 in
737 2496 796 2519 suo
820 2497 874 2519 ro-

130 2533 208 2568 bore
239 2534 472 2579 permansuris,
506 2534 566 2566 hae
594 2534 662 2566 vice
699 2534 873 2575 dumtaxat,

130 2583 312 2627 specialiter
329 2589 361 2617 et
368 2593 515 2627 expresse
529 2583 735 2626 derogamus
748 2588 874 2617 contra-

131 2631 186 2665 riis
204 2632 474 2676 quibuscumque.

769 261 945 290 annuemus
967 261 1023 288 xm
1045 261 1095 289 Pr.

1578 252 1641 286 ⁶259
1695 256 1743 281 An.
1764 256 1789 283 c.
1810 256 1874 283 1579

982 315 998 359 ἓ
1016 315 1071 348 11.
1087 313 1235 348 Ceterum
1256 314 1288 348 in
1306 314 1369 356 his,
1388 323 1471 359 quae
1490 323 1550 358 pro
1563 313 1683 346 salubri
1707 314 1820 339 Externo-

153 369 284 405 ⁸²⁰¹i⁰³0
310 369 452 414 generali
476 369 615 404 auditori
637 379 694 414 per
716 374 897 413 praesentes
937 367 1016 402 dicti
1035 367 1163 401 Ordinis
1193 373 1277 401 statu
1297 373 1327 401 et
1346 367 1429 402 felici
1450 366 1627 401 directione
1648 376 1683 398 a·

935 420 1064 465 lioquin
1089 420 1235 454 instituta
1257 420 1427 464 hucusque
1451 419 1680 464 reperiuntur,

933 483 1081 517 quaeque
1114 483 1175 507 nec
1205 474 1428 518 praesentibus
1463 483 1521 506 nec
1554 471 1681 504 statutis

932 531 989 560 aut
1031 525 1288 560 ordinationibus
1329 537 1388 570 per
1418 526 1538 558 dietum
1573 525 1679 557 Ptolo-

931 589 1061 613 maeum
1085 579 1282 613 cardinalem
1302 579 1396 612 editis
1419 579 1579 611 contraria
1595 584 1678 618 sunt,

930 642 991 666 nec
1015 632 1148 666 illorum
1178 633 1328 666 ess'eetum
1354 632 1508 676 impedire
1529 637 1674 676 possunt,

930 684 1012 719 nihil
1031 685 1166 719 omnino
1184 685 1367 725 detrahere,
1393 685 1447 718 sed
1469 685 1522 717 illa
1545 685 1676 717 omnino

929 739 1064 773 immota
1080 738 1235 773 custodiri
1251 737 1464 777 intendimus,
1480 748 1514 770 ac
1527 738 1675 770 volumus

929 792 1017 836 quod
1029 792 1174 826 ecclesiis
1188 791 1473 831 monasteriorum,
1487 791 1580 823 etiam
1591 791 1673 834 prio-

927 851 1057 879 ratuum
1078 854 1324 889 suppressorum
1340 843 1590 887 praedictorum,
1617 854 1674 887 per

928 898 1132 943 presbyteros
1150 897 1343 938 saeculares,
1372 897 1410 929 ab
1431 896 1601 929 ordinariis
1616 908 1672 940 ap-

925 952 1089 996 probatos,
1111 951 1230 996 quibus
1249 951 1290 984 de
1319 950 1471 993 congruis
1495 949 1616 983 salariis
1643 956 1669 982 el

925 1004 1180 1049 provisionibus,
1207 1004 1341 1037 arbitrio
1368 1003 1511 1047 ipsorum
1545 1003 1670 1035 ordina-

924 1058 1050 1091 riorum
1068 1057 1248 1091 statuendis
1272 1062 1304 1091 et
1317 1056 1534 1096 declarandis,
1553 1067 1610 1099 per
1623 1056 1671 1088 di-

924 1116 992 1145 ctos
1015 1111 1193 1144 monachos
1212 1110 1346 1143 omnino
1372 1109 1521 1142 satisfieri
1545 1109 1668 1148 debeat,

922 1163 956 1198 in
976 1163 1092 1198 divinis
1111 1163 1218 1197 debite
1242 1162 1450 1196 deserviatur.

966 1218 981 1262 ἓ
1001 1217 1055 1251 12.
1082 1217 1239 1261 Quodque
1251 1216 1469 1261 praesentium
1489 1215 1693 1265 litterarump

921 1271 1088 1316 exemplis,
1106 1271 1202 1304 etiam
1227 1269 1405 1314 impressis,
1427 1279 1525 1302 manu
1546 1268 1669 1312 publici

920 1324 1039 1358 notarii
1063 1323 1263 1368 subscriptis,
1280 1333 1317 1356 ac
1340 1332 1498 1366 personae
1518 1321 1550 1354 in
1563 1321 1668 1364 digni-

922 1383 985 1411 tate
1001 1377 1218 1411 ecelesiastica
1243 1376 1436 1410 constitutae
1456 1375 1561 1419 sigillo
1584 1379 1642 1408 etc.

963 1431 1078 1465 Datum
1098 1431 1218 1464 Romae
1238 1429 1324 1474 apud
1348 1430 1499 1463 Sanctum
1522 1428 1664 1468 Petrum,

919 1484 979 1517 sub
997 1484 1116 1517 annulo
1127 1483 1298 1517 piscatoris
1308 1483 1360 1516 die
1374 1491 1428 1515 vn1
1448 1481 1570 1526 aprilis,
1588 1491 1666 1525 pon-

920 1537 1060 1571 tificatus
1078 1537 1182 1570 nostri
1206 1547 1291 1570 anno
1315 1545 1369 1569 vn.

957 1594 1022 1626 Dat.
1036 1594 1084 1625 die
1099 1595 1116 1625 8
1131 1595 1234 1634 aprilis
1250 1594 1337 1632 1579,
1356 1593 1459 1634 pontis.
1479 1602 1556 1624 anno
1572 1602 1620 1623 vn.

1240 1759 1342 1794 XCIV.

919 1837 1132 1880 Confirmatio
1150 1840 1346 1870 statutorum
1365 1840 1394 1869 et
1419 1835 1661 1868 ordinationum

960 1892 998 1924 in
1016 1890 1154 1934 capitulo
1172 1889 1317 1934 yenerali
1330 1889 1489 1931 factorum
1502 1898 1595 1930 super
1610 1897 1660 1919 re-

959 1944 1154 1986 formatione
1160 1942 1416 1986 congyreqatz‘onis
1426 1939 1657 1973 Cassz'nensis1.

915 2023 1061 2059 Gregorius
1074 2024 1144 2058 rapa
1151 2023 1220 2056 xm.
1228 2022 1262 2051 ad
1274 2022 1431 2057 perpetuam
1441 2020 1480 2049 rel
1493 2019 1659 2048 memoriam.

959 2090 1039 2124 Cum
1067 2090 1101 2123 in
1131 2089 1254 2123 cunctis
1282 2088 1378 2121 rebus
1398 2098 1433 2120 ea
1458 2087 1498 2119 sit
1524 2086 1658 2118 humani

915 2144 1027 2177 iudicii
1051 2141 1257 2181 incertitudo,
1279 2146 1315 2173 ut
1337 2140 1424 2172 nulla
1453 2149 1585 2182 prorsus
1608 2139 1658 2172 lex

915 2195 1138 2230 constitutiove
1153 2200 1279 2227 matura
1293 2191 1495 2237 quantumvis
1512 2191 1657 2224 conside-

915 2249 1039 2283 ratione
1059 2254 1090 2282 et
1108 2248 1161 2292 pio
1181 2247 1287 2279 studio
1307 2244 1458 2288 componi
1477 2249 1508 2277 et
1532 2244 1657 2287 excogi-

914 2303 974 2335 tari
994 2302 1105 2346 possit,
1124 2300 1203 2343 quin
1223 2310 1305 2339 eain,
1320 2303 1451 2342 propter
1469 2297 1652 2330 varietatem

914 2361 946 2388 et
972 2354 1211 2388 multitudinem
1231 2362 1339 2384 rerum
1360 2350 1603 2392 emergentium,
1623 2351 1653 2382 in

914 2408 1032 2452 quibus
1051 2406 1154 2440 omnis
1177 2405 1273 2438 liuius
1298 2403 1397 2436 seculi
1422 2402 1566 2446 operatio
1577 2413 1655 2436 con-

914 2461 1022 2494 stituta
1042 2466 1099 2500 est,
1119 2459 1310 2502 plerumque
1324 2457 1419 2489 etiam
1434 2466 1516 2499 quae
1531 2461 1656 2499 aposto-

913 2513 1170 2547 licaauctoritate
1190 2510 1287 2543 suerit
1298 2508 1473 2553 approbata
1493 2515 1521 2542 et
1536 2508 1654 2542 contir-

913 2572 1009 2606 mata‚
1033 2563 1211 2603 reformari,
1227 2568 1257 2595 et
1276 2562 1338 2595 alia
1368 2562 1407 2595 de
1430 2572 1512 2595 novo
1532 2561 1653 2594 utiliter

937 2639 961 2665 ‘l
979 2636 1021 2665 Ex
1035 2636 1145 2671 Regest.
1166 2633 1195 2660 in
1214 2633 1318 2661 secret.
1335 2632 1478 2660 Brevium.

1706 1214 1767 1234 Fides
1777 1218 1869 1235 trasum-

1695 1244 1772 1260 torum,

1694 2079 1835 2102 Prooemium.
