2059 3228
24 260 51 288 C.
70 260 136 288 1577

746 267 924 293 GREGORIUS
941 267 998 292 xm
1014 269 1065 293 pp,
1553 260 1615 295 197
1671 264 1724 290 An.
1746 261 1773 288 C.
1794 262 1861 290 1077

150 334 206 358 nos
230 333 265 356 ex
288 332 380 364 nunc,
406 329 500 367 prout
523 334 558 356 cx
592 329 664 357 tunc
684 352 691 365 ‚
717 322 982 376 apostola-atticis
999 351 1006 364 ,
1045 323 1163 358 eisdem
1198 327 1339 369 personis
1379 338 1416 361 ae
1453 327 1634 362 civitatibus
1651 356 1660 372 ‚

151 376 336 410 auctoritate
360 377 576 419 approbamus
602 384 629 410 et
655 376 1013 436 contirmamusstlterris
1038 383 1068 410 ct
1092 378 1166 411 locis
1191 390 1226 412 ae
1253 381 1415 424 quibusvis
1438 381 1506 415 aliis
1529 392 1585 426 per
1608 381 1663 415 Ca-

127 451 135 463 .
149 427 300 462 contentis
323 429 463 461 censuris
502 435 530 462 et
557 430 666 473 poenis
685 457 692 470 ,
724 430 862 462 triticum
881 457 887 470 ,

151 481 314 521 hordeum,
339 481 497 523 legumina
516 493 552 514 ae
568 482 670 515 omnis
686 482 809 524 generis
826 482 889 514 sru-

151 540 255 569 menta
279 539 308 567 et
333 534 446 578 fruges,
471 535 566 568 etiam
592 546 626 568 ex
645 535 734 568 bonis
746 534 890 568 ccclesia-

152 588 236 622 sticis
259 588 394 627 collecta,
420 599 437 620 a
456 587 547 620 terris
564 593 591 620 et
613 588 685 620 locis
697 587 770 620 dicti
786 587 890 620 Status

153 640 250 673 nostri
276 639 492 681 Ecclesiastici,
519 641 636 683 absque
667 651 811 683 expressa
835 650 890 672 no-

153 697 216 725 stra
239 696 267 725 et
281 702 298 724 a
314 692 404 725 nohis
420 693 547 725 obtenta
566 693 596 725 in
611 693 735 736 scriptis
747 699 775 726 ct
795 704 890 726 manu

152 749 258 778 nostra
283 745 405 788 signata
429 746 566 787 lieentia,
591 747 754 779 extrahere
770 747 817 779 vel
840 757 891 779 ex-

150 798 232 832 trahi
256 799 368 832 facere.

195 851 210 894 ἓ
248 850 278 884 (2.
317 851 461 894 Nuttique
499 862 535 884 ex
572 851 740 895 praedictis
781 862 890 884 eorum

28 903 296 938 nmmum-subditos
319 910 350 937 et
374 904 518 936 vassallos
542 909 596 936 aut
620 904 695 936 alias
727 914 892 946 quascum-

28 938 213 1002 „quartaque
237 968 385 1001 personas
402 984 409 997 ,
435 956 604 1000 quominus
629 957 795 997 triticum,
820 957 893 989 hor-

153 1011 256 1051 deum,
280 1010 449 1052 legumina,
466 1010 624 1042 frumenta
637 1015 667 1042 et
680 1010 786 1051 fruges
802 1020 892 1052 prae-

153 1065 226 1105 fata,
243 1075 259 1096 a
276 1063 439 1106 quibusvis
456 1063 531 1095 locis
548 1063 591 1095 cis
608 1063 766 1103 subiectis,
784 1062 894 1106 quovis

154 1121 325 1160 praetextu,
349 1115 444 1148 etiam
470 1117 635 1149 moliturae
668 1121 721 1148 aut
759 1116 894 1149 cuiusvis

156 1169 284 1202 alterius
308 1169 414 1202 oneris
438 1168 609 1208 solutionis,
635 1169 673 1201 ad
697 1170 811 1201 almam
837 1169 894 1201 Ur-

154 1222 226 1255 bem
250 1227 391 1255 nostram
431 1222 584 1261 afferant,
623 1222 792 1265 prohibere
810 1249 817 1261 ‚
841 1227 892 1254 aut

157 1286 214 1320 per
237 1287 267 1309 se
293 1276 338 1309 vel
361 1276 458 1309 alium
482 1287 536 1309 seu
560 1275 637 1308 alios
661 1275 778 1308 directe
797 1275 896 1319 impe-

156 1328 224 1361 dire
248 1329 394 1369 audeant;
419 1328 496 1372 quin
513 1329 617 1372 potius
631 1329 690 1361 illis
703 1328 746 1362 sic
764 1329 896 1361 afferen—

156 1379 240 1414 tibus
263 1392 389 1415 omnem
414 1393 506 1425 opem
530 1383 708 1416 etsavorem
727 1388 895 1425 praestent.

201 1435 215 1478 ἓ
239 1435 269 1468 3.
294 1436 336 1468 Ac
360 1435 490 1479 insuper
513 1435 589 1468 nulli
615 1435 751 1478 aliquam
778 1435 895 1475 tritici,

36 1485 277 1538 ffiffihordei,
294 1489 500 1530 leguminum,
513 1488 678 1532 omnisque
692 1489 817 1531 generis
833 1489 897 1522 sru-

159 1546 337 1574 mentorum
361 1547 391 1574 et
415 1542 540 1584 frugum
574 1542 782 1585 quantitatem
797 1570 804 1583 ‚
836 1542 895 1575 nisi

156 1603 214 1636 pro
251 1604 308 1626 suo
346 1605 538 1638 suarumque
578 1595 768 1628 familiarum
804 1596 898 1629 unius

157 1646 230 1679 anni
247 1647 409 1679 dumtaxat
425 1658 492 1688 usu,
510 1658 613 1680 emere
627 1649 760 1687 valcant;
778 1654 808 1682 et
824 1660 899 1682 con-

159 1699 358 1733 trafacientes
382 1711 498 1743 poenas
515 1700 683 1734 incurrisse
700 1702 899 1735 declarentur

157 1757 188 1785 et
204 1758 417 1796 aggraventur
434 1753 501 1796 ipso
518 1754 608 1792 facto,
626 1754 793 1788 statuimus
805 1760 899 1799 atque

157 1805 364 1840 decernimus.

200 1859 216 1902 ᾗ
237 1859 269 1893 4.
293 1859 474 1893 Mandantes
498 1860 611 1893 dilecto
635 1860 699 1893 silio
724 1860 845 1903 Aloysio
863 1860 899 1892 ti-

41 1909 150 1959 mugi
161 1912 216 1945 tuli
240 1913 270 1945 S.
287 1912 380 1945 Marci
397 1912 577 1956 presbytero
590 1912 741 1946 cardinali
759 1913 900 1946 Cornelio

159 1970 350 2008 nuncupato,
375 1970 483 1997 nostro
507 1969 535 1998 et
562 1965 592 1998 S.
609 1965 645 1998 R.
664 1965 696 1998 E.
714 1966 899 2006 camerario,

160 2027 198 2050 ac
218 2017 322 2051 dictae
359 2028 503 2051 annonae
528 2018 709 2061 praesectis,
734 2023 768 2051 ut
791 2023 900 2051 contra

159 2080 220 2111 eos,
245 2070 300 2114 qui
324 2075 440 2103 statuto
464 2075 496 2103 et
520 2071 645 2104 decreto
670 2076 778 2104 nostro
791 2071 900 2104 liuius-

158 2122 242 2155 modi
267 2122 299 2155 in
323 2123 427 2167 aliquo
450 2123 716 2163 contravenerim,
742 2135 836 2157 manu
854 2136 902 2158 re-

157 2174 208 2218 gia
224 2181 254 2208 et
272 2177 355 2208 nulla
371 2177 431 2209 tela
448 2176 614 2209 iudiciaria
643 2182 774 2218 servata,
791 2188 902 2220 proce-

163 2227 250 2269 dant,
274 2239 310 2261 ac
333 2240 386 2262 eos
408 2240 525 2273 poenas
541 2230 717 2273 praedietas
731 2230 901 2263 incurrisse

161 2281 330 2323 declarent,
354 2288 534 2325 aggravent,
559 2282 758 2322 interdicant,
776 2288 807 2315 et
831 2283 902 2315 bra-

161 2333 269 2366 chium
294 2335 450 2367 saeculare
475 2335 507 2367 in
532 2345 584 2368 eos
611 2335 792 2368 adhibeant.

206 2386 221 2429 ἓ
243 2386 273 2419 5.
298 2387 364 2419 Non
388 2386 586 2419 obstantibus
624 2387 902 2420 constitutionibus

33 2439 153 2490 “affl
164 2443 195 2471 et
217 2438 470 2471 ordinationibus
494 2439 672 2482 apostolicis
689 2450 723 2471 ac
740 2440 902 2482 quibusvis

51 2498 153 2517 “M-
164 2492 287 2525 statutis
310 2496 341 2525 et
364 2491 644 2534 consuetudinibus
658 2518 665 2531 ,
689 2492 784 2524 ctiam
819 2492 902 2525 iura-

161 2549 278 2585 mento,
302 2544 541 2577 confirmatione
565 2545 732 2586 apostolica
755 2545 802 2576 vel
825 2556 902 2588 qua-

161 2596 206 2630 vis
230 2596 387 2630 firmatate
411 2597 472 2629 alia
510 2596 691 2636 roboratis;
729 2596 901 2640 privilegiis

163 2658 298 2693 quoque,
322 2649 460 2690 indultis,
477 2648 588 2682 litteris
604 2659 639 2681 ac
655 2648 765 2692 gratiis
778 2655 899 2692 aposto-

371 2744 389 2760 b

919 440 1037 462 meram
1063 436 1117 464 aut
1140 442 1196 476 per
1213 442 1270 465 nos
1294 440 1324 466 ct
1340 435 1591 478 praedecessores
1606 445 1662 468 no-

918 487 1011 524 stros,
1037 483 1069 516 in
1094 495 1210 527 genero
1233 487 1280 519 vel
1303 487 1334 518 in
1360 488 1461 531 specie
1476 515 1484 529 ,
1507 487 1602 522 etiam
1625 498 1663 522 ex

918 545 1010 567 causa
1034 546 1178 577 onerosa,
1203 547 1238 570 ae
1262 538 1319 570 sub
1344 539 1592 583 quibuscumque
1618 545 1661 574 te-

919 588 1050 621 noribus
1074 594 1100 622 et
1127 590 1235 622 formis
1260 591 1363 623 forsan
1388 593 1540 626 concessis
1557 621 1565 634 ,
1589 604 1664 626 con-

920 639 1054 673 firmatis
1078 646 1107 674 et
1132 642 1255 685 saepius
1282 644 1446 681 innovatis;
1464 646 1578 687 quibus
1595 657 1662 678 om-

922 693 1016 726 nibus
1033 721 1040 734 ‚
1065 695 1160 727 etiam
1185 695 1210 727 si
1236 696 1273 728 de
1298 695 1357 728 illis
1395 707 1566 740 corumque
1591 698 1663 730 totis

922 747 1083 779 tenoribus
1110 748 1263 790 specialis,
1288 748 1440 791 specifica,
1465 760 1608 792 expressa
1633 754 1661 781 et

920 798 1094 840 individua,
1118 810 1182 833 non
1207 807 1312 834 autem
1353 812 1410 844 per
1433 802 1585 834 clausulas
1610 814 1662 843 ge-

921 853 1040 885 nerales
1072 853 1160 898 ‘idem
1197 853 1425 897 importantes,
1466 855 1580 886 mentio
1609 866 1663 887 seu

921 904 1049 947 quaevis
1073 905 1228 948 expressio
1253 905 1398 938 habenda
1422 912 1476 939 aut
1493 907 1595 949 aliqua
1613 919 1663 939 cx-

922 956 1037 999 quisita
1061 957 1161 989 forma
1185 958 1224 990 ad
1248 958 1307 991 hoc
1325 959 1478 991 servanda
1495 959 1584 1000 soret,
1599 960 1663 991 illo-

923 1021 993 1042 rum
1019 1016 1142 1044 tenores
1167 1012 1384 1054 praesentibus
1401 1023 1460 1055 pro
1473 1012 1662 1045 sufficienter

922 1063 1075 1106 expressis
1100 1063 1260 1104 habentes,
1285 1063 1345 1097 illis
1369 1065 1445 1098 alias
1470 1064 1502 1096 in
1527 1076 1582 1097 suo
1616 1075 1664 1097 ro-

924 1115 998 1147 bore
1024 1116 1250 1158 pcrmansuris,
1275 1116 1333 1150 hae
1357 1117 1423 1150 vice
1436 1118 1605 1158 dumtaxat,
1623 1118 1665 1149 la-

924 1168 1044 1201 tissime
1068 1169 1267 1212 derogamus,
1292 1175 1319 1203 et
1346 1170 1384 1202 ad
1408 1170 1552 1203 effectum
1577 1182 1667 1214 prac-

923 1220 1042 1253 dictum
1061 1221 1098 1254 ad
1113 1222 1344 1266 beneplacitum
1358 1230 1500 1257 nostrum
1518 1235 1667 1267 suspensa

924 1285 988 1306 esse
1012 1274 1175 1315 volumus,
1201 1276 1374 1319 ceterisque
1408 1277 1575 1310 contrariis
1599 1277 1668 1320 qui-

924 1328 1128 1371 buseumque.

969 1382 983 1424 ἓ
1007 1382 1036 1415 6.
1053 1382 1087 1414 Et
1106 1388 1138 1415 ut
1156 1382 1327 1426 praemissa
1340 1383 1448 1416 omnia
1464 1383 1503 1416 ad
1521 1382 1665 1416 notitiam
1712 1395 1787 1416 roma
1800 1397 1821 1415 ez
1835 1394 1866 1413 of-

925 1435 1067 1467 omnium
1085 1435 1291 1476 deducantur,
1303 1446 1341 1469 ne
1357 1423 1748 1479 aliquisdehisigno-&iiiii
1792 1422 1865 1447 ‘mim‘

927 1488 1061 1520 rantiam
1078 1488 1284 1531 praetendere
1301 1488 1409 1532 possit,
1428 1489 1571 1521 volumus
1585 1489 1669 1532 quod

927 1546 1107 1585 praesentes
1131 1542 1253 1574 litterae
1278 1552 1334 1584 per
1350 1541 1471 1584 aliquos
1488 1541 1598 1574 Curiae
1615 1552 1670 1573 no-

927 1601 1008 1628 strae
1033 1605 1175 1628 cursores
1199 1595 1239 1627 ad
1262 1594 1408 1627 basilicae
1425 1593 1581 1637 Principis
1597 1605 1672 1638 apo-

927 1650 1078 1681 stolorum
1103 1648 1140 1681 de
1164 1648 1248 1680 Urbe
1272 1652 1301 1680 et
1318 1646 1524 1680 Cancellariae
1541 1647 1671 1690 Aposto-

928 1702 1004 1734 lieae
1028 1702 1130 1733 valvas
1153 1706 1182 1733 et
1206 1701 1238 1732 in
1263 1700 1330 1733 acie
1354 1699 1460 1743 Campi
1478 1700 1585 1732 Florae
1605 1699 1672 1732 atli-

928 1758 1068 1796 gantur-3
1093 1758 1122 1785 et
1145 1763 1217 1785 cum
1241 1752 1314 1785 inde
1338 1751 1570 1785 amovebuntur
1590 1779 1596 1792 ‚
1622 1762 1673 1784 ea-

929 1818 999 1840 rum
1023 1806 1163 1849 exempla
1187 1805 1220 1838 in
1236 1805 1354 1838 eisdem
1370 1805 1446 1839 locis
1462 1805 1553 1838 affixa
1570 1816 1672 1837 rema-

929 1865 1033 1894 neant,
1057 1859 1240 1892 Mandantes
1265 1869 1392 1902 quoque
1416 1858 1538 1901 legatis,
1564 1857 1675 1889 vicele-

929 1913 1010 1957 gatis
1028 1940 1035 1953 ,
1060 1911 1330 1956 gubernatoribus
1371 1916 1399 1944 ct
1425 1911 1494 1944 aliis
1518 1910 1675 1943 dictorum

930 1969 1069 2000 locorum
1094 1963 1283 1998 officialibus
1310 1961 1464 2007 quatenus
1495 1967 1676 2006 praesentes

929 2019 1084 2063 publicent
1111 2022 1139 2051 et
1175 2017 1328 2062 publicari
1369 2017 1492 2049 faciant.
1529 2017 1563 2048 Et
1588 2015 1672 2059 quod

929 2084 1038 2106 earum
1064 2071 1280 2114 transumptis,
1304 2070 1399 2103 etiam
1418 2068 1587 2111 impressis,
1606 2078 1674 2099 ma-

931 2138 973 2159 nu
998 2124 1113 2158 notarii
1138 2124 1279 2168 pubbliei
1304 2122 1486 2164 subscriptis
1518 2125 1547 2153 ct
1571 2120 1673 2163 sigillo

930 2179 1060 2213 alicuius
1077 2188 1229 2221 personae
1243 2177 1275 2208 in
1292 2175 1444 2217 dignitate
1461 2171 1671 2205 ecclesiastiea

930 2233 1116 2267 constitutae
1142 2229 1283 2269 munitis,
1311 2229 1418 2261 eadem
1443 2227 1518 2259 fides
1542 2225 1673 2258 adhibe-

931 2292 1012 2326 atur,
1037 2295 1116 2327 quac
1140 2282 1343 2315 adhiberetur
1367 2279 1483 2311 eisdem
1500 2277 1675 2321 praesenti-

931 2338 999 2378 hus,
1025 2337 1050 2369 si
1075 2337 1176 2369 forent
1200 2334 1358 2367 exhibitae
1382 2333 1425 2364 vel
1451 2337 1603 2364 ostensae.

974 2391 1085 2422 Datum
1110 2389 1227 2421 Romae
1251 2387 1334 2430 apud
1371 2386 1400 2419 S.
1440 2386 1565 2418 Petrum
1582 2412 1591 2426 ,
1615 2385 1675 2418 sub

931 2444 1047 2476 annulo
1072 2440 1248 2479 piscatoris,
1272 2439 1322 2472 die
1347 2449 1356 2472 1
1381 2438 1456 2471 maii
1485 2446 1673 2479 unnxxvffl,

931 2495 1131 2540 pontificatus
1155 2492 1253 2526 nostri
1278 2501 1360 2524 anno
1384 2501 1426 2524 vt.
