2059 3228
121 217 174 243 An.
192 213 305 244 (3.1583

134 435 248 462 nerogatto
255 441 305 457 con-

119 467 242 488 turianum.

367 207 431 241 434

916 217 1096 243 numanum
1115 217 1264 242 notitmmt

321 270 467 302 invocato
488 269 587 303 etiarn
619 270 658 302 ad
691 269 765 310 hoc,
792 269 818 303 si
848 280 930 314 opus
960 271 1068 312 suerit,
1110 272 1230 303 annulo
1255 269 1438 304 piscatoris.
1474 269 1525 301 die
1557 268 1710 308 vigesima
1745 266 1861 310 quinta

281 331 289 338 ’
320 322 438 354 auxilio
463 322 589 354 brachii
615 323 802 356 saecularis.

363 376 377 417 S,
408 375 438 407 b'.
466 375 535 408 Non
556 375 758 409 obstantibus
782 376 886 410 felicis
917 378 1069 411 recorda-

319 428 414 461 tionis
439 428 594 461 Bonit'aeii
617 429 722 473 Papae
742 429 817 470 VIII,
842 431 1072 474 praedeeesso-

320 482 362 514 ris
382 481 497 522 nostri,
519 482 558 515 de
578 493 656 521 una,
689 489 721 516 et
750 484 879 517 concilii
911 484 1071 528 generalis

320 535 359 568 de
379 534 504 568 duabus
527 535 651 577 diaetis,
679 537 856 570 dummodo
887 538 973 571 ultra
1007 545 1071 571 tres

318 588 440 621 diaetas
459 589 577 632 aliquis
587 590 778 624 auctoritate
790 592 1010 634 praesentium
1030 591 1070 624 ad

319 642 478 675 iudiciuin
498 650 564 676 non
582 643 748 685 trahatur,
770 650 801 677 et
818 644 984 687 quibusvis
1000 645 1070 678 aliis

318 696 516 739 apostoliciS,
539 707 666 732 necnon
691 697 724 730 in
752 699 1010 742 provincialibus
1041 706 1071 732 et

318 749 525 793 synodalibus
549 751 696 784 conciliis
730 752 836 793 editis,
863 753 1071 797 generalibus

318 803 366 836 vel
391 803 598 846 specialibus,
620 805 906 839 constitutionibus
927 812 957 839 et
981 806 1070 840 ordi-

317 857 515 899 nationibus,
542 869 578 892 ac
613 858 832 892 Cancellariae
866 861 1070 904 Apestolieae

318 921 375 954 per
394 921 453 944 nos
473 916 504 944 et
522 911 638 945 Sedem
653 913 801 946 eamdem
818 913 851 946 in
869 915 1069 947 contrarium

317 965 424 998 t'orsan
444 976 504 1009 pro
529 970 675 1010 tempore
696 967 801 1007 editis;
827 977 956 1000 necnon
989 968 1069 1011 legi-

315 1017 376 1050 bus
400 1018 638 1062 imperialibus,
661 1020 787 1053 statutis
808 1026 839 1053 et
858 1022 1069 1054 eonsuetudi-

315 1071 421 1112 nibus,
445 1072 542 1105 etiam
562 1073 728 1107 civitatum
750 1079 780 1107 et
796 1074 955 1112 locorum,
977 1086 1013 1108 ac
1032 1076 1070 1109 il-

314 1124 422 1157 lorum
439 1126 739 1167 reformationibus,
762 1127 858 1160 etiam
872 1127 1067 1168 iuramento,

316 1178 562 1212 confirmatione
581 1179 760 1223 apostolica
778 1181 828 1214 vel
844 1181 956 1224 quavis
967 1181 1070 1214 firmi-

319 1236 380 1264 tate
404 1231 466 1264 alia
486 1232 658 1273 roboratis,
681 1243 810 1266 necnon
822 1234 988 1276 quibusvis
1008 1235 1071 1278 pri-

316 1284 450 1327 vilegiis,
479 1285 611 1319 indultis
631 1291 663 1319 et
682 1286 797 1319 litteris
822 1287 1022 1331 apostolicis,
1039 1299 1070 1320 e-

317 1338 393 1371 tiam
413 1339 578 1383 quibusvis
596 1340 863 1374 Universitatibus
879 1342 1069 1375 Studiorum

317 1393 532 1434 generalium,
553 1394 709 1437 collegiis,
733 1394 829 1428 etiam
851 1396 986 1428 archivii
1004 1396 1069 1429 Ro-

317 1457 432 1479 manae
440 1447 567 1488 Curiae,
584 1454 614 1481 et
624 1448 1069 1492 quibusvisaliislocis,etiam

317 1500 356 1532 ad
382 1500 567 1534 instantiam
593 1502 812 1546 imperatoris,
825 1503 1069 1547 regumetregi-

317 1555 579 1595 narum,duc1.tm,
590 1555 777 1600 principum
785 1562 814 1589 et
822 1556 959 1591 aliorum
967 1557 1018 1590 (ioi
1025 1557 1071 1589 ni-

317 1617 434 1640 norum
454 1610 682 1652 temporalium
693 1611 866 1651 concessis,
884 1611 1070 1656 approbatis

318 1666 349 1693 ct
366 1661 537 1695 innovatis.
556 1662 677 1701 Quibus
694 1664 859 1704 omnibus,
878 1665 1005 1697 etiamsi
1027 1666 1066 1697 ‹le

318 1714 381 1747 illis
401 1725 582 1759 eorumque
608 1719 682 1749 totis
715 1718 884 1751 tenoribus
909 1718 1067 1762 specialis,

318 1769 480 1813 specifica,
501 1770 668 1804 individua
699 1777 730 1804 et
767 1782 917 1815 expressa
949 1773 1071 1806 mentio

318 1822 479 1861 habenda,
501 1829 557 1856 aut
576 1824 683 1867 aliqua
704 1825 766 1858 alia
787 1825 945 1868 exquisita
966 1826 1070 1859 fornia

318 1876 433 1910 adhoc
448 1877 604 1910 servanda
615 1879 709 1918 soret,
728 1884 856 1911 tenores
868 1879 1068 1920 huiusmodi,

319 1940 356 1962 ae
376 1929 401 1962 si
426 1931 464 1963 de
485 1931 582 1964 verbo
601 1931 642 1964 ad
660 1932 808 1972 verbum,
831 1932 913 1964 niiiil
942 1933 1072 1976 penitus

318 1984 450 2023 omisso,
473 1990 504 2016 et
532 1984 637 2018 forma
660 1985 693 2017 in
724 1985 786 2018 illis
812 1986 928 2018 tradita
959 1987 1070 2019 obser-

318 2043 401 2076 vata,
425 2037 535 2070 inserti
557 2039 664 2071 forent
681 2039 919 2082 praesentibus,
935 2050 993 2083 pro
1007 2042 1072 2072 sut'-

316 2090 469 2123 ficienter
488 2091 646 2134 expressis
666 2093 832 2133 habentes,
855 2092 919 2125 illis
939 2093 1018 2125 alias
1040 2093 1070 2125 in

317 2154 376 2176 suo
398 2144 514 2177 robore
535 2146 770 2188 permansuris,
797 2147 857 2178 hae
884 2146 951 2179 vice
976 2147 1069 2179 durn-

319 2203 414 2237 taxat,
436 2198 620 2241 specialiter
640 2206 670 2233 ct
696 2210 844 2243 expresse
864 2200 1068 2243 derogamus,

319 2252 490 2284 contrariis
515 2252 788 2296 quibuscumque.
811 2255 873 2287 Aut
899 2253 924 2286 si
953 2253 1071 2297 aliqui-

319 2303 390 2343 bus,
415 2305 634 2339 communiter
656 2306 704 2340 vel
726 2306 864 2347 divisim,
887 2317 904 2339 a
928 2306 1013 2340 dicta
1033 2307 1071 2339 sit

320 2356 401 2389 Sede
422 2357 585 2391 indultum
605 2360 693 2402 quod
726 2359 888 2398 interdici,
918 2360 1070 2404 suspendi

318 2405 366 2437 vel
387 2408 662 2441 excommunicari
677 2409 874 2452 nonpossint
885 2410 1072 2453 perlitteras

321 2455 514 2496 apostolicas
534 2467 600 2490 non
624 2457 780 2490 facientes
800 2459 929 2501 plenam
961 2464 992 2490 et
1017 2468 1071 2490 ex-

320 2512 464 2544 pressam
486 2515 523 2537 ac
553 2506 592 2538 de
611 2506 709 2539 verbo
734 2507 773 2538 ad
794 2507 928 2539 verbum
958 2507 997 2539 dc
1022 2507 1072 2539 in-

321 2551 411 2584 dulto
432 2551 619 2587 huiusmodi
639 2555 849 2588 mentionem.

362 2600 479 2634 Datum
502 2601 622 2637 Romae
647 2604 732 2648 apud
767 2604 798 2638 S.
827 2604 981 2646 Marcum,
1013 2603 1072 2638 sub

1111 323 1182 356 iulii
1203 332 1376 362 MDLxxxni,
1389 321 1858 365 pontiticatusnostriannoxn.

1159 381 1221 411 Dat.
1239 380 1286 410 die
1301 381 1340 410 ⁶25
1355 379 1421 410 iulii
1435 379 1522 414 1583,
1539 378 1644 418 pontis.
1663 387 1740 410 anno
1756 385 1807 408 xn.

1445 557 1529 592 CLV.

1109 648 1231 682 Forma
1266 648 1456 692 publicandi
1478 648 1712 691 resiqnaliones
1744 646 1860 690 benefi-

1155 703 1278 735 ciorum
1315 702 1600 735 ecclesiasticorum
1631 702 1668 734 in
1699 700 1802 735 Curia
1831 703 1862 735 et

1153 760 1247 789 extra
1259 755 1284 788 1.

1153 855 1300 891 Gregorius
1314 856 1466 891 episcopus,
1489 862 1586 885 servus
1602 861 1742 885 sorvorum
1758 855 1817 888 nei,

1254 911 1288 939 ad
1306 911 1467 946 perpetuam
1485 909 1526 939 rei
1545 910 1714 939 memoriam.

1154 999 1303 1033 Humano
1323 1000 1373 1032 rix
1394 999 1514 1033 5udicio
1530 999 1575 1033 ita
1587 999 1671 1033 bene
1686 999 1860 1043 quicquam
1875 1045 1883 1064 ι
1899 1011 1970 1064 paug!
1994 1015 1997 1017 ·

1885 1049 1898 1064 u
1909 1048 1971 1064 mul}-

1111 1059 1141 1086 et
1160 1053 1368 1097 providenter
1393 1053 1512 1087 sanciri
1544 1059 1662 1098 potest,
1685 1053 1764 1098 quin
1783 1058 1862 1087 usus

1110 1118 1205 1150 saepe
1225 1107 1348 1151 aperiat
1382 1107 1562 1151 doceatque
1595 1108 1640 1148 id,
1667 1107 1754 1151 ={uod
1777 1107 1862 1141 salu-

1110 1161 1167 1193 bre
1189 1161 1256 1194 sore
1291 1161 1495 1202 credebatur,
1533 1161 1641 1194 minus
1665 1161 1862 1206 experiendo

1111 1214 1273 1258 prodesse,
1297 1214 1384 1258 quod
1410 1214 1443 1247 in
1463 1214 1526 1247 illis
1561 1214 1860 1256 constitutionibus,

1109 1278 1189 1311 quas
1210 1268 1250 1301 ad
1264 1268 1480 1311 prohibendus
1496 1269 1663 1302 simulatas
1681 1269 1863 1302 occultasve

1110 1321 1344 1355 beneficiorum
1358 1322 1654 1355 ecclesiastieorum
1667 1322 1862 1366 resignatio-

1110 1386 1166 1408 nes
1178 1375 1296 1408 diversi
1312 1375 1448 1408 Romani
1462 1375 1634 1409 Pontifices
1651 1375 1862 1410 multifariam

1109 1428 1294 1469 ediderunt,
1322 1434 1353 1462 et.
1383 1429 1486 1463 felicis
1519 1429 1756 1462 recordationis
1787 1429 1864 1463 Pius

1110 1482 1193 1526 Papa
1219 1483 1253 1523 V,
1289 1483 1520 1526 praedecessor
1545 1488 1668 1524 noster,
1689 1482 1862 1516 novissime

1111 1536 1337 1579 promulgavit,
1360 1536 1589 1579 cognoscimus
1612 1535 1779 1570 accidisse.

1153 1590 1168 1632 g
1194 1589 1225 1622 ’1.
1257 1589 1320 1622 Nos
1344 1589 1406 1622 hoc
1439 1590 1574 1630 malum,
1608 1595 1706 1633 prout
1735 1589 1863 1624 occasio

1110 1643 1349 1686 necessitasque
1355 1643 1530 1686 postulant,
1541 1653 1692 1677 coercere
1706 1643 1861 1685 volentes,
1874 1629 1985 1682 ξζςξξᾞ.

1111 1697 1281 1730 statuimus
1302 1703 1337 1730 ut
1357 1697 1490 1740 posthac
1510 1707 1624 1730 omnes
1639 1702 1670 1730 et
1686 1707 1864 1741 quaecum·
1873 1692 1963 1745 ξ’,ξξζῆ
1978 1734 1984 1741 ⁴.

1113 1761 1174 1791 que
1204 1750 1450 1792 resignationes‚
1477 1750 1573 1783 etiam
1599 1761 1697 1783 causa
1728 1761 1862 1794 permu-
1873 1754 1979 1807 ξξῑῖδὲ

1111 1803 1240 1836 tationis
1260 1814 1295 1836 ae
1317 1804 1597 1844 commendarum,
1633 1809 1664 1837 et
1692 1803 1790 1837 etiam
1812 1803 1931 1870 lit-2:22
1942 1815 1967 1868 :i

1109 1857 1186 1890 teris
1210 1857 1395 1900 apostolicis
1414 1867 1479 1890 non
1500 1857 1665 1898 consectis,
1685 1863 1717 1891 et
1736 1867 1863 1901 posses-

1111 1910 1201 1943 sione
1222 1921 1287 1944 non
1311 1911 1430 1951 habita,
1450 1921 1578 1944 necnon
1602 1911 1666 1944 litis
1689 1916 1722 1944 et
1740 1910 1863 1944 iurium

1110 1975 1393 2008 quorumcumque
1408 1964 1633 1998 concessiones
1653 1969 1683 1997 et
1702 1970 1862 1999 retroces-

1110 2018 1229 2057 siones,
1253 2028 1335 2060 quae
1363 2017 1515 2061 deinceps
1537 2017 1576 2050 de
1602 2017 1863 2063 quibuscumque

1112 2070 1278 2103 beneficiis
1312 2071 1546 2111 ecclesiastitis‚
1585 2071 1618 2103 in
1652 2071 1781 2104 nostris·
1805 2082 1862 2104 seu

1112 2124 1248 2157 Romani
1270 2124 1436 2157 Pontiticis
1453 2135 1510 2168 pro
1533 2130 1678 2168 tempore
1698 2119 1864 2158 existentis
1882 2138 1886 2142 ²

1113 2178 1262 2210 manibus
1283 2188 1318 2210 ac
1340 2178 1435 2211 ctiam
1453 2189 1561 2211 coram
1588 2178 1714 2212 notario
1729 2173 1862 2222 publico

1113 2236 1143 2263 et
1168 2230 1301 2264 testibus
1326 2230 1415 2271 lieni,
1437 2237 1468 2264 ct
1488 2244 1506 2264 a
1526 2231 1620 2264 nobis
1650 2232 1700 2265 rel
1721 2232 1777 2264 illo
1805 2241 1863 2265 seu

1114 2289 1220 2316 nostro
1242 2285 1291 2316 vel
1316 2284 1401 2316 illius
1427 2285 1575 2318 mandato
1596 2279 1817 2328 admittentur,
1831 2290 1863 2318 et

1112 2347 1209 2381 super
1224 2338 1269 2371 eis
1285 2338 1484 2382 provisiones
1497 2343 1526 2371 et
1536 2349 1764 2382 quaecumque
1781 2337 1863 2382 aliae

1151 2429 1159 2453 t
1184 2427 1261 2459 Quae
1277 2432 1372 2455 autem
1388 2427 1591 2463 resignationes
1606 2432 1640 2455 an
1660 2427 1800 2462 episcopis
1814 2425 1862 2454 ad-

1112 2472 1182 2498 mitti
1197 2472 1314 2506 possint,
1338 2472 1463 2499 delinivit
1478 2472 1547 2500 Pius
1570 2472 1590 2497 V
1620 2472 1648 2499 in
1676 2475 1767 2499 const.
1793 2477 1861 2503 xctt,

1113 2505 1231 2547 (fiumen.
1251 2520 1317 2543 tom.
1341 2522 1388 2549 vit,
1406 2524 1468 2551 pag.
1489 2516 1551 2550 66113
1574 2516 1752 2550 formamque
1777 2515 1862 2542 ‹lesu-

1113 2568 1163 2594 μοι·
1193 2561 1298 2588 litteras
1321 2561 1488 2595 apostolicas
1515 2560 1684 2596 expediendi
1705 2558 1862 2594 praefinivit

1114 2605 1140 2633 in
1165 2609 1256 2633 ronst.
1279 2612 1302 2638 L,
1321 2606 1406 2642 Coget,
1429 2606 1585 2641 ibid.,1›ag.
1607 2605 1667 2633 3:12).

2010 1804 2022 1861 aba
2010 1736 2022 1793 us.
2005 1609 2022 1727 'stne—52

1981 3063 1986 3070 -
1969 2900 1999 3035 κως-
1979 2883 1982 2885 >
1982 2851 1993 2867 J
