2059 3228
386 240 450 274 1402

337 299 472 344 cogendi
492 304 523 333 ct
538 297 770 343 compellendi,
791 297 928 342 cogique
947 303 978 331 et
997 307 1086 332 com-

335 354 412 398 pelli
437 352 584 387 faciendi.

379 407 394 450 g
410 407 440 440 7.
456 407 499 438 Ac
511 405 651 449 denique
665 410 774 439 cetera
789 405 897 438 omnia
912 410 943 439 et
957 404 1085 447 singula

190 462 321 505 ‚reeusaqrue
334 460 373 492 ad
392 458 577 492 huiusmodi
598 458 644 491 rei
664 458 892 492 frumentariae
912 458 1083 501 negocium

138 496 208 542 22⁰3*
222 498 322 549 23123313
333 511 575 555 quomodolibet
602 510 796 555 pertinentia
825 511 970 554 gerendi,
992 521 1083 543 exer-

137 552 272 575 ⁰³¹⁸⁰¹⁰¹¹d⁵'
333 564 425 598 cendi
446 569 476 596 et
496 564 686 608 exequendi;
703 575 740 597 ac
755 564 902 598 edicendi
923 574 979 596 seu
1000 563 1083 596 edici

331 623 360 650 et
382 616 576 660 proclamari
602 617 739 650 faciendi
763 617 945 650 necessaria
968 621 997 649 et
1026 627 1083 660 op-

331 676 482 713 portuna,
517 680 669 714 quaeque
691 680 803 703 omues
829 669 938 703 clerici
963 669 1082 713 praesi—

330 724 441 756 dentes
449 723 600 757 Gamerae
607 724 805 764 huiusmodi,
815 724 891 756 dum
903 723 997 755 simul
1006 734 1080 756 coa-

329 775 440 808 dunati
460 781 490 809 et
518 771 703 819 congregati
725 776 826 819 ipsam
846 775 1011 808 Cameram
1034 776 1080 808 fa-

328 829 419 861 ciunt
443 834 475 862 et
505 834 768 872 repraesentant,
800 829 921 868 facere,
950 839 1079 872 gerere,

328 892 478 916 exercere
498 888 530 916 et
548 882 674 926 exequi,
707 893 743 915 ac
764 882 891 915 edicere
910 892 967 915 seu
996 882 1079 915 edici

329 940 357 968 et
368 935 563 979 proclamari
571 936 676 968 facere
688 935 787 979 possit
799 941 827 967 ct
839 935 952 972 valeat:
964 945 1080 968 unum-

327 998 391 1032 que
409 989 457 1022 vel
477 989 587 1033 plures
606 989 678 1022 loco
698 989 746 1021 sui
765 998 838 1020 cum
859 988 955 1020 simili
973 989 1020 1021 vel
1041 989 1079 1021 li-

326 1040 437 1074 mitata
450 1046 607 1086 potestate
626 1041 841 1075 substituendi
861 1046 889 1074 et
907 1041 978 1074 eius
997 1041 1080 1074 arbi-

325 1094 387 1127 tri0
407 1095 607 1128 removendi.

370 1147 385 1191 ἓ
409 1147 439 1181 8.
463 1148 647 1181 Mandantes
667 1153 839 1192 propterea
859 1148 984 1181 dilectis
1004 1148 1079 1182 filiis

156 1203 308 1254 Officialiesssta
328 1201 506 1234 camerario
531 1206 561 1234 et
580 1201 782 1234 thesaurario
802 1202 942 1244 generali
962 1201 1079 1235 nostris

128 1237 315 1288 {22⁰²21322di3}
327 1264 454 1288 necnon
474 1254 601 1287 clericis
619 1254 875 1298 praesidentibus
896 1254 999 1288 dictae
1018 1255 1078 1288 Ca-

130 1294 247 1322 ⁹‘³²¹⁹⁰¹⁰'
326 1317 434 1340 merae
455 1307 635 1351 ceterisque
667 1307 707 1340 ad
735 1318 816 1350 quos
843 1313 965 1351 spectat
988 1313 1019 1341 et
1045 1308 1078 1341 in

326 1361 473 1393 futurum
494 1360 661 1404 spectabit,
676 1360 779 1393 uthas
794 1366 919 1394 nostras
935 1361 1079 1404 inprae-

328 1415 392 1447 sata
411 1413 545 1446 Camera
566 1414 745 1454 admittant,
772 1420 800 1447 et
822 1414 854 1446 in
875 1415 960 1447 illius
989 1415 1078 1448 libris

326 1466 463 1500 describi
484 1473 514 1499 et
532 1467 694 1510 registrari
723 1467 850 1507 saciant,
874 1468 1078 1512 desuperque

325 1525 471 1562 patentes
485 1520 608 1553 litteras
628 1526 656 1553 et
675 1521 754 1553 alias
773 1520 947 1564 scripturas
958 1532 1077 1566 oppor-

326 1578 422 1605 lunas
437 1573 605 1617 expediant
624 1579 654 1606 et
671 1574 814 1618 expediri
827 1575 991 1615 mandent,
1019 1586 1078 1608 au-

326 1626 473 1660 ctoritate
494 1632 601 1660 nostra
619 1634 648 1660 et
660 1627 749 1660 Sedis
766 1628 979 1671 Apostolirae:
994 1629 1078 1662 etle-

325 1683 405 1721 gatis
423 1679 460 1712 de
490 1680 589 1713 latere
612 1691 790 1724 eorumque
809 1681 1009 1723 vicelegatis,
1042 1692 1078 1714 ae

326 1737 391 1764 tam
412 1732 516 1766 dictae
534 1733 628 1766 Urbis
653 1744 750 1777 quarn
780 1733 916 1766 aliarum
947 1735 1078 1776 provin-

328 1785 463 1826 ciarum,
484 1785 649 1818 civitatum
669 1791 700 1818 et
719 1786 866 1819 locorum
878 1786 970 1819 nobis
990 1792 1019 1819 et
1044 1787 1075 1820 S.

327 1833 364 1866 R.
386 1834 422 1866 E.
441 1833 581 1867 mediate
595 1835 642 1867 vel
655 1834 839 1867 immediate
860 1834 1078 1868 subiectorum

328 1893 613 1927 quorumcumque
642 1883 925 1925 gubernatoribus,
957 1884 1077 1917 locate-

328 1931 493 1972 nentibus,
506 1932 721 1976 praetoribus,
733 1932 861 1965 vicariis
871 1937 902 1965 et
913 1932 984 1966 aliis
999 1944 1080 1976 quo-

327 1980 373 2011 xi>-
390 1980 520 2014 nomine
543 1980 739 2024 nuncupatis
764 1981 957 2014 officialibus
980 1987 1010 2014 et
1034 1982 1081 2015 iu-

328 2029 430 2063 stitiae
439 2029 605 2069 ministris,
618 2040 745 2063 necnon
753 2029 1041 2064 communitatibus
1049 2037 1081 2064 et

329 2078 609 2118 universitatibus,
641 2088 821 2121 eorumque
840 2078 1080 2121 magistratibus

329 2132 355 2159 et
379 2127 526 2169 personis
545 2126 683 2171 publicis
697 2131 729 2160 et
749 2126 890 2171 privatis,
910 2126 943 2159 in
962 2127 1080 2161 virtute

329 2180 457 2208 sanctae
469 2175 660 2209 obedientae
670 2180 701 2209 et
711 2175 771 2208 sub
781 2174 1012 2218 indignationis
1020 2186 1079 2209 no-

329 2228 411 2255 strae
432 2234 548 2266 poena,
571 2223 667 2256 etiam
684 2223 827 2256 strictius
838 2223 1029 2263 inhibendo,
1040 2235 1079 2257 ne

331 2271 479 2304 cumdem
500 2272 660 2306 Andream
685 2277 741 2306 aut
768 2271 837 2305 eius
856 2282 915 2316 pro
936 2277 1080 2315 tempore

331 2320 507 2360 ministros,
523 2321 554 2353 in
566 2319 749 2365 praemissis
758 2321 807 2353 vel
822 2320 893 2353 aliis
908 2321 947 2354 ad
958 2320 1078 2354 dictum

331 2368 377 2402 rei
389 2368 618 2403 frumentariae
638 2369 811 2412 negocium
830 2369 1077 2414 pertinentibus,

332 2417 399 2449 ullo
425 2418 520 2450 modo
534 2418 583 2451 vel
603 2424 790 2463 contemptu
805 2417 819 2441 ¹
841 2418 1017 2462 impediant
1032 2419 1080 2452 vel

331 2471 537 2499 remorentur
560 2473 615 2500 aut
634 2468 815 2508 molestent;
838 2466 938 2500 immo
962 2466 1031 2500 eius
1046 2473 1081 2500 et

333 2519 365 2546 et
381 2524 493 2546 eorum
511 2515 642 2549 nomine
660 2515 821 2560 requisiti,
842 2514 888 2548 illi
900 2520 931 2548 et
946 2514 1009 2549 illis
1024 2515 1079 2549 de-

333 2573 430 2606 super
444 2570 625 2606 opportune
638 2566 762 2598 faveant
777 2570 808 2598 et
822 2564 980 2605 assistant,
997 2565 1081 2599 eius·

371 2626 382 2651 1
404 2624 537 2659 Legimus
557 2632 622 2653 cum
643 2625 766 2655 Cherub.
781 2626 891 2656 obtentu
910 2626 950 2669 (a.
966 2626 1016 2658 τ.).

142 246 192 274 An.
208 247 235 274 C.
257 247 324 274 ¹576

932 244 1112 271 nnLLAnntM
1129 243 1280 270 nomm!
1332 252 1336 256 ·

1123 305 1187 340 que
1206 299 1237 328 et
1263 303 1375 328 eorum
1402 294 1565 335 mandata,
1593 295 1697 331 edicta
1716 306 1772 330 seu
1798 306 1873 340 pro-

1123 347 1332 381 clamationes
1350 352 1406 380 aut
1424 347 1502 380 alias
1521 347 1740 381 ordinationes
1756 348 1871 393 ‘exequi

1123 401 1277 434 mandent
1301 406 1333 433 et
1359 399 1478 433 saciant
1500 400 1630 434 realiter
1659 406 1690 434 et
1722 412 1797 434 cum
1830 402 1875 434 ef-

1123 455 1220 487 fectu.

1166 508 1181 550 ἓ
1200 507 1231 541 9.
1252 510 1322 540 Non
1334 506 1533 540 obstantibus
1552 507 1736 550 praemissis
1751 518 1789 542 ac
1803 509 1875 552 qui-

1122 560 1228 594 busvis
1254 560 1538 594 constitutionibus
1558 566 1589 593 et
1601 560 1872 603 ordinationibus,

1122 614 1218 646 etiam
1231 614 1426 657 apostolicis;
1441 624 1569 647 necnon
1583 614 1707 647 statutis
1717 620 1749 648 et
1770 615 1875 650 resor-

1122 667 1328 708 rnafionibus,
1336 667 1432 700 etiam
1441 666 1624 700 iuramento
1634 672 1692 701 etc.
1701 668 1873 710 roboratis;

1121 719 1296 763 privilegiis
1313 731 1456 764 quoque,
1471 719 1606 753 indultis
1618 725 1648 753 et
1662 720 1778 755 litteris
1797 732 1875 765 apo-

1121 773 1240 814 stolio„
1249 773 1345 807 etiam
1357 774 1476 807 eisdem
1486 773 1631 817 personis
1643 779 1674 807 et
1685 775 1874 810 earumdem

1120 826 1215 859 Urbis
1226 853 1233 867 ,
1246 826 1411 860 civitatum
1423 852 1432 866 ,
1450 826 1703 870 provinciarum,
1720 828 1870 872 oppidor.

1122 885 1152 913 et
1166 880 1315 913 locorum
1335 880 1478 924 populis,
1502 880 1789 914 communitatibus
1815 891 1874 915 seu

1120 933 1395 973 universitatibus,
1416 944 1545 966 necnon
1564 939 1630 966 tam
1648 933 1874 968 ecclesiasticis

1119 997 1217 1030 quam
1237 987 1461 1020 saecularibus
1479 987 1661 1030 ceterisque
1672 998 1772 1031 supra
1785 987 1871 1021 desi-

1119 1040 1223 1083 gnatis
1242 1046 1274 1073 et
1292 1040 1363 1073 aliis
1389 1039 1555 1083 quibusvis
1585 1041 1750 1084 personis,
1774 1041 1871 1076 etiam

1120 1103 1219 1136 super
1243 1091 1441 1126 extractione
1469 1093 1708 1127 frumentorum
1728 1099 1760 1128 et
1777 1095 1870 1139 lega·
1911 1091 1914 1094 ’

1120 1146 1258 1187 minum,
1288 1147 1385 1180 etiam
1411 1157 1470 1190 per
1502 1146 1618 1180 Sedem
1651 1146 1868 1191 Apostolicam

1119 1204 1150 1232 et
1168 1199 1337 1233 Cameram
1357 1200 1548 1243 praefatam,
1565 1200 1600 1232 in
1619 1207 1737 1244 genere
1769 1202 1818 1235 vel
1836 1202 1870 1235 in

1119 1252 1237 1297 specie,
1269 1259 1334 1285 tam
1364 1263 1402 1286 ex
1429 1262 1525 1285 causa
1561 1263 1710 1293 onerosa,
1744 1264 1782 1287 ac
1809 1255 1870 1288 sub

1119 1306 1378 1350 quibuscumque
1414 1306 1583 1339 tenoribus
1626 1311 1657 1340 et
1692 1306 1806 1341 formis
1832 1318 1870 1342 ac

1119 1361 1197 1394 alias
1227 1360 1473 1404 quomodolibet
1498 1360 1658 1393 concessis
1690 1366 1721 1394 et
1753 1371 1870 1395 conee-

1119 1414 1250 1453 dendis;
1281 1413 1400 1456 quibus
1433 1412 1596 1454 omnibus,
1627 1413 1723 1446 etiam
1753 1414 1791 1447 si'
1810 1425 1871 1458 pro

1118 1467 1249 1500 illorum
1257 1465 1658 1508 sufficienti'derogatione,
1669 1466 1709 1499 de
1721 1466 1785 1500 iliis
1798 1472 1870 1508 etc„

1119 1531 1234 1555 eorum
1271 1524 1401 1552 tenores
1424 1523 1497 1560 etc„
1527 1518 1591 1552 illis
1627 1519 1705 1552 alias
1741 1519 1774 1553 in
1811 1530 1870 1554 suo

1118 1574 1235 1608 robore
1254 1573 1488 1617 permansuris,
1518 1562 1587 1606 ha&
1596 1572 1677 1622 vice⁴
1696 1573 1871 1615 dumtaxat,

1120 1626 1301 1671 specialiter
1316 1631 1348 1659 et
1366 1636 1515 1670 expresse
1533 1625 1650 1659 harum
1670 1626 1752 1659 serie
1781 1626 1870 1660 latis-

1119 1681 1199 1714 sime
1220 1680 1425 1723 derogamus,
1456 1679 1575 1722 illaque
1602 1679 1753 1713 adversus
1776 1690 1868 1724 prae-

1119 1734 1216 1767 missa
1230 1733 1415 1766 nullatenus
1434 1732 1603 1777 suffragari
1627 1744 1720 1777 posse
1738 1742 1795 1766 seu
1813 1734 1866 1768 de-

1118 1789 1196 1821 bere
1206 1784 1424 1827 decernimus,
1434 1786 1610 1831 ceterisque
1619 1786 1790 1820 contrariis
1800 1787 1872 1831 qui-

1118 1841 1333 1882 buscumque.

1163 1893 1178 1936 ξ
1201 1892 1255 1926 10.
1276 1892 1491 1926 Decernentes
1510 1892 1728 1936 praesentium
1746 1898 1872 1927 nostra-

1120 1957 1192 1978 rum
1204 1947 1305 1979 solam
1313 1946 1508 1989 signaturam
1521 1946 1680 1988 sufficere,
1692 1952 1723 1980 et
1733 1947 1868 1992 ubique,

1120 1999 1151 2032 in
1171 1998 1292 2032 iudicio
1312 2004 1343 2032 et
1361 2004 1461 2040 extra,
1482 1999 1515 2032 in
1540 2000 1683 2033 Romana
1711 1999 1808 2034 Curia
1839 2007 1873 2034 et

1119 2058 1219 2092 extra,
1241 2052 1370 2095 plenam
1390 2051 1487 2085 fidem
1506 2052 1623 2093 facere,
1653 2054 1766 2096 regula
1791 2064 1871 2088 con-

1121 2105 1218 2138 traria
1237 2115 1303 2138 non
1323 2105 1481 2145 obstante;
1506 2116 1575 2145 seu,
1595 2106 1623 2139 si
1663 2105 1769 2140 eidem
1803 2109 1869 2140 An-

1120 2157 1204 2190 dreae
1215 2157 1389 2198 videbitur,
1403 2158 1543 2202 desuper
1556 2158 1692 2199 litteras,
1707 2158 1804 2192 etiam
1811 2170 1871 2203 per

1120 2212 1214 2244 breve
1241 2216 1402 2252 nostrum,
1433 2211 1530 2245 etiam
1559 2222 1633 2245 cum
1664 2213 1812 2246 omnium
1839 2218 1872 2247 et

1120 2264 1321 2307 singulorum
1353 2264 1606 2307 praemissorum
1636 2265 1777 2309 pleniori
1793 2277 1869 2311 spe-

1120 2316 1300 2350 cifieatione
1338 2323 1370 2350 et
1404 2317 1620 2362 expressione,
1649 2328 1686 2351 ac
1714 2318 1870 2361 quarum-

1120 2380 1258 2414 cumque
1279 2370 1515 2415 scripturarum
1547 2372 1687 2415 desuper
1719 2382 1868 2406 necessa-

1122 2423 1240 2456 riarum
1249 2424 1289 2457 ad
1299 2424 1435 2458 verbum
1444 2451 1451 2465 ,
1464 2424 1489 2458 si
1498 2423 1670 2465 videbitur,
1680 2424 1868 2466 insertione,

1119 2472 1253 2516 aliisque
1268 2473 1422 2507 clausulis
1442 2478 1473 2507 et
1483 2473 1618 2507 cautelis
1629 2473 1818 2506 necessariis
1835 2480 1869 2508 et

1119 2521 1322 2564 opportunis,
1353 2521 1432 2556 adeo
1458 2522 1546 2565 quod
1576 2521 1736 2556 contraria
1768 2534 1867 2567 quae·
1906 2516 1921 2554 ’.

1119 2580 1258 2613 rumque
1277 2580 1410 2613 prorsus
1427 2570 1584 2604 tollantur
1596 2576 1628 2603 et
1642 2580 1708 2604 non
1728 2571 1865 2613 obstent,

1119 2617 1214 2651 simul
1232 2618 1281 2652 vel
1301 2619 1486 2663 separatim,
1507 2618 1649 2662 expediri
1668 2629 1774 2663 posse.

1886 244 1934 270 An.
1949 242 2001 276 ατ
2046 220 2047 227 ¹

1913 518 1962 540 Clau
2007 507 2059 539 «¹

1886 553 1972 577 rogant:
2044 551 2045 555 ¹

1896 1903 1946 1926 Sola
1958 1903 2005 1930 1Ῑίειι
2017 1903 2025 1931 ζ

1884 1936 1970 1961 sumen.
1984 1965 1993 1973 .
2021 1954 2028 1968 'i
