2059 3228
394 213 457 248 608

349 285 388 308 eo
411 274 524 318 pensio
544 275 591 307 vel
621 274 743 308 exactio
770 275 879 320 aliqua
911 287 969 322 per
997 287 1095 321 quos-

348 338 486 371 cumque
511 328 606 361 etiam
623 328 723 372 ipsius
743 329 879 363 civitatis
898 331 1094 374 gubernato-

347 391 398 414 res
431 387 485 415 aut
515 381 699 425 provinciae
728 383 848 426 legatos
878 384 1013 429 imponi,
1035 395 1094 419 nec

345 434 536 478 quidquam,
569 437 806 479 quantumlibet
837 438 1019 479 modicum,
1057 450 1094 472 ex

345 488 414 521 eius
425 488 542 522 salario
554 489 688 522 retineri
706 501 763 524 seu
772 491 851 526 alias
861 493 1092 537 quoquomodo

344 541 509 575 interverti
529 548 647 586 posset.

428 595 548 629 Deinde
560 596 662 630 felicis
675 598 909 632 recordationis
919 599 1092 643 Gregorius

340 648 426 692 Papa
446 649 524 690 XIII,
547 650 643 684 etiam
662 652 892 696 praedecessor
910 660 1029 695 noster,
1051 655 1091 688 ad

340 703 440 736 instar
459 705 648 738 eorumdem
665 708 949 750 praedecessorum
962 714 1089 742 nostro-

339 766 412 789 rum
433 757 688 801 piaedietorum‚
710 760 831 794 nedum
852 762 991 803 decreta,
1015 773 1090 796 con-

339 810 511 852 cessiones,
534 812 713 857 privilegia,
727 815 958 858 exemptiones,
973 816 1088 849 immu-

337 863 463 904 nitates,
484 865 619 907 favores,
637 866 772 909 indulta,
787 868 1086 912 reintegrationem,

337 918 610 961 commissionem,
622 920 823 962 mandatum,
834 923 1085 963 revocationem,

335 972 592 1007 annullationem
625 974 769 1018 aliasque
797 976 916 1019 gratias
936 988 995 1020 per
1018 988 1088 1011 eos-

335 1025 408 1058 dem
428 1027 693 1069 praedecessores
705 1038 874 1063 concessas
884 1036 914 1063 et
928 1030 1038 1072 factas,
1049 1042 1086 1065 ac

334 1080 522 1123 praesertim
543 1082 631 1125 quod
662 1083 820 1126 pecuniae
854 1094 891 1116 ex
919 1085 1086 1118 maleficiis

334 1132 437 1166 dictae
458 1134 593 1168 civitatis
621 1136 846 1180 provenientes
871 1148 930 1181 pro
960 1138 1085 1172 duabus

334 1187 434 1220 tertiis
454 1188 599 1231 partibus
618 1189 658 1222 ad
678 1200 733 1223 vos
759 1189 953 1234 pertineant,
980 1192 1085 1225 vohis-

330 1250 392 1282 que
409 1240 495 1282 illae,
521 1247 557 1275 ut
580 1243 774 1286 praefertur,
796 1244 976 1288 applicatae
995 1245 1081 1286 sint;

330 1293 483 1337 quodque
503 1294 605 1338 ipsius
625 1296 762 1329 civitatis
783 1297 1085 1341 gubernatoreS,lo-

331 1351 513 1381 catenentes
544 1354 574 1381 et
602 1349 657 1382 alii
692 1350 858 1391 officiales,
889 1352 949 1385 sub
971 1354 1083 1396 quovis

331 1405 497 1444 praetextu
516 1407 571 1435 aut
587 1404 707 1444 colore,
726 1404 765 1437 de
781 1405 930 1449 pecuniis
941 1417 978 1439 ex
989 1406 1083 1440 dictis

332 1455 500 1489 maleficiis
531 1466 589 1500 pro
627 1457 753 1490 duabus
790 1458 894 1492 tertiis
937 1459 1082 1503 partibus

329 1507 517 1542 huiusmodi
546 1511 823 1554 provenientibus,
852 1517 907 1546 vos
926 1519 1081 1547 vestram-

328 1572 390 1605 que
407 1562 566 1596 civitatem
577 1564 768 1598 defraudare
784 1565 817 1598 in
829 1567 919 1599 nullo
937 1573 1079 1611 possent,

327 1615 513 1660 litterasque
529 1618 668 1663 desuper
681 1620 843 1653 consectas
855 1620 931 1653 etin
941 1621 986 1654 eis
1006 1632 1082 1655 con-

326 1674 413 1703 tenta
432 1681 658 1716 quaecumque
682 1683 740 1716 per
764 1684 837 1707 suas
856 1674 979 1708 litteras
1003 1686 1080 1709 eon-

326 1722 466 1757 firmavit
494 1729 525 1758 et
557 1726 757 1770 approbavit,
785 1728 895 1771 eisque
914 1729 1079 1772 plenariae

327 1781 357 1810 et
377 1777 572 1812 inviolabilis
591 1779 752 1814 firmitatis
772 1781 873 1814 robur
892 1781 1019 1823 adiecit,
1043 1793 1079 1815 ac

326 1839 438 1865 omnes
458 1837 489 1865 et
509 1832 655 1876 singulos
674 1839 738 1866 tam
767 1834 846 1867 iuris
874 1843 971 1878 quam
1004 1836 1079 1869 sacti

326 1884 480 1926 defectus,
502 1886 527 1918 si
547 1887 603 1930 qui
623 1887 655 1919 in
676 1887 989 1930 eisintervenissent,
1006 1895 1080 1933 sup-

326 1938 443 1981 plevit,
465 1940 519 1972 sed
541 1940 649 1982 etiam,
673 1944 805 1985 accepto
823 1942 922 1984 quod,
950 1948 1080 1986 praeter

326 1997 356 2025 et
371 1997 483 2026 contra
491 1999 616 2028 vestrae
636 1994 773 2029 civitatis
787 1996 966 2040 privilegia,
980 1997 1077 2029 liber-

326 2050 405 2079 tates
422 2051 453 2079 et
472 2046 554 2088 iura,
574 2047 715 2081 bariselli
735 2054 765 2081 et
776 2049 1077 2092 procuratoresfisci

327 2099 388 2132 iam
409 2099 443 2132 ir.
463 2100 547 2134 dicta
567 2101 693 2136 civitate
720 2102 870 2143 instituti,
897 2110 1077 2148 eorumque

326 2152 432 2186 officia
449 2155 552 2198 pretio
573 2155 718 2197 assecuti,
740 2156 779 2189 ad
794 2167 1077 2199 examemeorum,

326 2206 421 2239 etiam
437 2218 496 2251 per
515 2208 738 2250 constitutum,
759 2209 879 2253 absque
899 2209 1015 2244 iudicis
1030 2211 1078 2243 in-

327 2265 485 2302 terventu,
511 2263 690 2305 procedere
719 2263 894 2304 audebant,
915 2264 1075 2297 mandavit

325 2314 411 2356 quod
423 2315 621 2357 gubernator
632 2316 734 2349 dietae
749 2316 883 2350 civitatis
894 2317 1076 2360 provideret

326 2377 365 2399 ne
382 2374 575 2412 procurator
594 2369 711 2402 fiscalis
731 2370 1074 2414 ethai-iselliprotem-

326 2425 404 2457 pore
424 2416 489 2450 suis
509 2417 721 2451 abuterentur
731 2418 855 2458 officiis,
864 2429 942 2452 neve
958 2420 1073 2453 castel-

152 219 205 250 An.
218 221 248 251 C.
268 222 335 251 1585

326 2464 388 2496 lani
409 2465 492 2498 arcis
512 2466 658 2499 Roecbae
679 2473 884 2510 nuncupatae
905 2478 942 2501 ac
962 2474 1074 2512 portus
1091 2462 1095 2489 l
1115 2469 1217 2510 batos,
1232 2470 1310 2503 fidos
1330 2476 1361 2502 et
1375 2469 1563 2510 industrios,
1581 2470 1864 2503 nebisluculenter

326 2513 481 2555 praedicti
509 2525 546 2547 ex
570 2515 664 2558 lignis
676 2522 706 2548 et
722 2516 880 2549 fructibus
894 2527 951 2560 per
965 2523 1073 2561 portas
1115 2518 1320 2559 declaratam,
1342 2518 1479 2552 libenter
1498 2518 1696 2561 agnovimus,
1719 2529 1755 2551 ac
1784 2529 1861 2562 pro-

326 2560 356 2593 in
374 2561 491 2595 dictam
513 2563 672 2596 civitatem
694 2565 819 2606 delatis,
843 2571 956 2599 contra
973 2565 1072 2609 privi-
1114 2578 1245 2611 sperum
1266 2573 1385 2601 statum
1406 2573 1437 2601 et
1466 2569 1626 2602 salubrem
1648 2567 1860 2601 directionem

325 2609 407 2653 legia
427 2611 515 2644 vobis
534 2622 686 2647 concessa
705 2624 741 2647 ac
754 2624 876 2647 morem
892 2620 923 2647 et
938 2625 1072 2648 consue·
1114 2616 1250 2650 civitatis
1269 2622 1396 2650 nostrae
1413 2617 1596 2660 praedictae
1616 2617 1767 2660 illiusque
1787 2616 1859 2649 offi-

932 222 1110 248 numanum
1133 220 1283 249 nouantur

1902 226 1956 257 An.
1970 228 2010 259 Gr

1137 275 1294 317 tudinem,
1307 276 1429 321 aliquid
1440 279 1624 323 acciperent
1632 292 1640 321 ;
1658 292 1797 326 eumque
1810 292 1886 316 con-

1138 334 1186 362 tra
1216 330 1347 364 solitum
1386 332 1582 375 cogeremini
1625 334 1664 366 ad
1696 336 1883 370 solvendum

1136 384 1231 417 aedes
1252 395 1311 428 pro
1331 384 1530 419 habitatione
1555 387 1739 430 colonnelli,
1758 389 1805 422 uti
1830 401 1883 422 ea-

1136 438 1256 481 pitanei
1285 439 1505 479 battaliarum‚
1541 451 1605 481 vos,
1643 446 1762 476 attento
1796 444 1884 487 quod

1135 491 1283 524 battalias
1339 492 1525 526 huiusmodi
1578 493 1664 526 idem
1712 494 1884 540 Gregorius

1135 545 1364 588 praedecessor
1387 551 1567 579 removerat
1609 552 1639 580 et
1666 556 1881 590 revocaverat,

1133 610 1149 631 a
1160 599 1277 632 talibus
1292 599 1428 633 insolitis
1438 600 1678 643 gravaminibus
1694 601 1838 636 liberavit
1853 608 1883 636 et

1133 652 1268 694 exemit,
1304 663 1342 686 ac
1370 653 1473 687 voluit
1492 654 1579 697 quod
1607 654 1640 686 in
1668 655 1814 688 futurum
1838 657 1884 689 lo-

1132 710 1327 747 catenentes‚
1348 706 1511 740 auditores
1540 712 1570 740 et
1589 707 1643 740 alii
1664 708 1817 742 officiales
1837 709 1884 742 di-

1132 764 1201 792 ctae
1234 759 1389 799 civitatis,
1411 760 1570 794 rationem
1594 761 1883 796 administrationis

1131 812 1314 846 officiorum
1327 824 1473 854 suorum,
1495 814 1581 847 iuxta
1598 814 1764 859 privilegia
1783 821 1814 849 et
1831 817 1882 850 in-

1130 867 1218 900 dulta
1226 867 1315 900 vobis
1331 877 1484 901 concessa
1505 879 1542 901 ac
1559 879 1682 901 morem
1696 869 1879 913 antiquum,

1130 926 1203 954 ante
1233 931 1347 954 eorum
1376 921 1464 954 illine
1495 921 1669 955 discessum
1694 923 1879 965 redderent,

1129 985 1188 1008 nec
1208 974 1308 1015 illinc,
1328 975 1390 1008 nisi
1409 975 1564 1008 sententia
1586 986 1644 1019 per
1667 976 1882 1019 syndicatores

1130 1029 1214 1070 lata,
1241 1028 1408 1062 discedere
1435 1035 1586 1073 possent,
1613 1030 1671 1063 etsi
1697 1030 1879 1064 cautionem

1130 1082 1277 1115 idoneam
1299 1082 1554 1125 praestitissent;
1576 1083 1688 1116 statuit
1706 1094 1837 1128 quoque
1850 1090 1881 1118 et

1129 1135 1289 1170 ordinavit
1308 1142 1343 1170 ut
1363 1136 1517 1177 civitates,
1537 1142 1640 1171 terrae
1666 1143 1696 1171 et
1715 1138 1786 1172 loca
1805 1149 1880 1182 pro-

1126 1189 1252 1223 vinciae
1290 1196 1418 1223 nostrae
1458 1191 1617 1224 Marcbiae
1646 1191 1876 1234 Anconitanae,

1127 1243 1304 1276 secundum
1321 1244 1558 1277 ordinationem
1574 1255 1591 1277 a
1612 1244 1697 1277 dieto
1726 1245 1825 1279 Paulo
1841 1244 1879 1278 lV

1126 1297 1376 1341 praedecessore
1396 1297 1641 1341 praescriptam,
1665 1297 1697 1330 in
1722 1298 1878 1332 fabricam

1126 1350 1201 1383 dieti
1222 1356 1334 1394 portus
1349 1361 1408 1394 pro
1434 1356 1500 1384 rata
1524 1361 1638 1384 eorum
1658 1351 1875 1393 contribuant,

1125 1404 1157 1436 in
1170 1415 1235 1448 qua
1247 1405 1487 1438 contributione
1498 1405 1791 1450 communitasipsa
1801 1416 1877 1439 con-

1124 1458 1184 1491 fert
1203 1464 1292 1492 scuta
1310 1464 1370 1492 tria
1390 1459 1490 1498 milia,
1520 1459 1570 1492 his
1590 1459 1784 1503 computatis
1793 1470 1875 1503 quae

1123 1521 1182 1556 pro
1212 1518 1326 1555 quarta
1346 1517 1435 1556 parte
1456 1523 1493 1545 ex
1513 1512 1674 1546 mercibus
1698 1513 1731 1545 in
1757 1513 1873 1546 dictam

1123 1565 1285 1599 civitatem
1305 1566 1482 1599 afferantur
1500 1577 1559 1610 per
1578 1566 1696 1600 Cavum
1717 1566 1811 1607 Malii,
1831 1566 1874 1599 ita

1122 1620 1210 1663 quod
1230 1620 1388 1664 pecuniae
1408 1631 1510 1662 usque
1530 1619 1563 1653 in
1587 1620 1675 1653 hunc
1704 1619 1789 1653 diem
1817 1620 1873 1654 de-

1123 1684 1236 1707 cursae
1253 1678 1285 1706 et
1303 1683 1369 1706 non
1386 1673 1522 1714 solutae,
1545 1673 1584 1706 ad
1612 1683 1726 1706 eorum
1747 1682 1872 1713 manus,

1123 1727 1162 1760 ad
1183 1737 1262 1771 quas
1282 1725 1431 1760 devenire
1448 1727 1605 1767 solebant,
1625 1726 1822 1767 devenirent,
1841 1730 1874 1759 et

1122 1780 1213 1821 alias,
1236 1785 1333 1825 prout
1352 1781 1384 1812 in
1412 1780 1547 1823 singulis
1572 1779 1686 1813 litteris
1711 1779 1873 1813 dictorum

1121 1834 1410 1879 praedecessorum
1430 1833 1559 1878 plenius
1579 1833 1772 1867 continetur.

1164 1889 1180 1932 ἓ
1205 1887 1236 1921 2.
1263 1888 1349 1928 Quae
1369 1887 1502 1932 quidem
1518 1887 1626 1920 omnia
1638 1887 1714 1920 dieti
1727 1892 1874 1921 oratores
1900 1900 1956 1938 ’ni

1120 1944 1251 1974 nornine
1270 1946 1375 1975 vestro
1401 1941 1494 1974 nobis
1513 1941 1680 1974 humiliter
1710 1941 1872 1985 supplica·
1886 1938 2042 2017 ξζῗξῗθρ,

1885 1998 1924 2017 etc.
1951 2000 1962 2017 e
1974 1999 1998 2022 ⁷2¹
2020 2004 2022 2012 v
2038 2006 2041 2013 ·

1120 2000 1195 2028 runt
1216 2001 1252 2029 ut
1270 2001 1380 2029 nostro
1399 1995 1495 2029 etiam
1510 1995 1691 2029 munimine
1702 1995 1868 2037 roborare,
1885 2032 1898 2047 ⁸
1916 2024 2019 2054 Sim&
2036 2016 2041 2045 ξ

1119 2059 1156 2082 ac
1176 2049 1255 2082 alias
1272 2049 1304 2082 in
1337 2048 1523 2093 praemissis
1551 2053 1733 2093 opportune
1763 2048 1870 2092 provi·
1884 2046 2042 2094 orno-ruitu-

1119 2102 1195 2136 dere
1224 2103 1263 2136 de
1292 2102 1490 2146 benignitate
1519 2102 1695 2147 apostoliea
1722 2103 1870 2146 dignare·
1883 2092 1958 2111 ¹¹¹⁸¹⁵¹¹¹¹
1975 2096 2011 2142 f·

1119 2167 1204 2190 mur.
1662 2200 1665 2203 ἢ
1985 2200 1989 2204 ,

1163 2210 1178 2254 ξ
1202 2209 1233 2244 3.
1260 2210 1324 2244 Nos
1352 2209 1482 2254 itaque,
1518 2210 1574 2254 qui
1610 2220 1666 2244 vos
1690 2209 1867 2245 civitatem·
1909 2216 1997 2258 nenigfig

1118 2275 1180 2307 que
1213 2270 1348 2298 vestram
1376 2264 1611 2297 Anconitanam
1643 2264 1757 2298 eximie
1788 2274 1868 2298 sem·
1881 2250 2017 2276 ¹²¹¹¹²⁹⁰¹w⁸

1118 2328 1177 2361 per
1196 2318 1380 2358 dileximus,
1412 2317 1648 2351 observantiam
1676 2323 1707 2351 et
1726 2317 1866 2352 devotio-

1116 2381 1190 2404 nem
1211 2377 1347 2404 vestram
1368 2381 1443 2414 erga
1462 2381 1520 2404 nos
1540 2377 1572 2404 et
1594 2371 1709 2405 Sedem
1738 2371 1865 2416 praefa-

1116 2426 1193 2461 tam,
1205 2431 1263 2464 per
1274 2420 1376 2454 dictos
1393 2426 1536 2454 oratores
1552 2426 1683 2461 vestros,
1695 2420 1779 2454 viros
1793 2431 1865 2464 pro-
