2059 3228
95 189 149 223 An.
168 187 279 224 c.1575
340 178 403 216 560

295 249 340 277 tes
364 249 570 285 quocumque
591 237 653 271 iltis
677 247 759 281 opus
789 235 850 269 erit
881 235 1042 279 perferre,

294 301 441 335 volumus
466 304 496 331 et
531 297 615 330 dicta
647 295 836 328 auctoritate
869 293 1044 338 apostolica

294 357 498 391 decernimus
516 361 549 387 ut
570 365 680 387 earum
705 353 925 396 transumptis,
948 351 1043 384 etiam
1065 378 1067 390 ‚

295 415 469 460 impressis,
491 425 527 447 ac
554 413 658 456 magni
681 411 822 454 magistri
847 416 878 443 et
907 419 1044 443 conven-

295 482 344 508 tus
365 474 467 506 dictae
490 471 620 504 militiae
645 470 836 503 Sanctorum
857 467 992 501 Mam-itii
1014 472 1044 500 et

294 532 401 566 Lazari
422 531 527 574 sigillo
550 529 694 569 munitis,
716 539 752 561 ac
773 528 916 561 eiusdem
938 525 1043 568 magni

294 589 437 633 magistri
458 594 486 621 et
505 595 680 621 conventus
689 585 958 620 secretariimanu
970 584 1044 616 sub-

291 647 436 692 scriptis,
468 646 626 689 dictisque
654 645 719 678 suis
751 644 885 684 litteris,
921 644 1043 686 absque

291 705 508 750 praesentium
531 704 561 736 in
596 709 661 736 toto
689 703 736 735 vel
759 703 791 734 in
822 707 913 745 parte
939 700 1042 733 inser-

290 764 389 803 tione,
412 774 448 796 ea
463 763 583 805 ubique
602 761 692 799 sides,
705 761 737 793 in
753 760 871 792 iudicio
892 764 923 792 et
940 764 1040 799 extra,

290 823 496 861 adhibeatur,
518 830 601 864 quae
617 820 694 864 ipsis
714 818 936 863 praesentibus
952 817 1043 850 adhi-

289 881 432 919 beretur,
455 880 480 912 si
507 883 612 913 essent
632 877 791 911 exhibitae
811 876 860 909 vel
882 881 1038 909 ostensae.

289 938 424 982 Necipsi
447 938 596 981 magister
615 942 645 969 et
670 941 844 969 conventus
860 938 1043 978 praesentes

289 996 426 1037 litteras,
450 1006 504 1029 seu
521 994 637 1037 gratias
661 994 788 1027 illarum
817 993 924 1035 vigore
947 992 987 1024 ab
1005 1002 1041 1024 eo

289 1055 338 1088 vel
349 1054 395 1087 eis
406 1053 639 1093 concedendas,
660 1052 800 1085 inserere
817 1055 997 1091 teneantur,
1012 1054 1043 1082 et

290 1112 503 1146 nihilominus
534 1111 654 1155 gratiae
684 1111 771 1154 ipsae
802 1110 840 1142 ab
865 1119 903 1142 eo
928 1109 977 1142 vel
997 1107 1042 1141 eis

291 1171 455 1214 quibusvis
476 1169 622 1214 personis
643 1169 729 1201 iuxta
749 1172 892 1200 tenorem
912 1176 1041 1199 earum—

292 1230 363 1263 dem
385 1228 601 1273 praesentium
627 1227 804 1260 litterarum
828 1230 1042 1269 protempore

291 1298 461 1322 concessae
478 1287 606 1320 valeant
625 1291 657 1319 et
677 1285 739 1318 illis
759 1284 987 1327 suffragentur,
1006 1294 1042 1317 ac

293 1347 387 1379 fidem
410 1346 530 1389 ubique
551 1344 669 1377 saciant
691 1343 722 1375 in
743 1343 894 1376 omnibus
925 1347 956 1375 et
984 1352 1043 1386 per

292 1404 409 1445 omnia,
441 1403 572 1447 perinde
600 1414 637 1436 ac
662 1402 686 1434 si
708 1401 827 1435 eaedem
858 1406 1043 1445 praesentes

292 1463 415 1496 litterae
436 1462 467 1494 in
489 1462 532 1495 cis
550 1461 589 1494 ad
608 1461 741 1494 verbum
762 1460 995 1493 insererentur.

337 1522 351 1564 ᾖ
375 1520 428 1554 48.
456 1520 540 1552 Nulli
561 1530 637 1562 ergo
662 1518 795 1552 omnino
816 1518 985 1551 hominum
1001 1516 1041 1549 li-

293 1584 361 1613 ceat
380 1579 463 1612 hanc
483 1577 631 1622 paginam
659 1583 786 1610 nostrae
812 1576 1039 1620 susceptionis,

293 1637 511 1677 subiectionis,
527 1635 750 1679 exemptionis,
761 1634 970 1674 liberationis,
982 1639 1043 1666 sta-

293 1702 436 1730 tutorum
451 1722 458 1736 ,
486 1694 745 1732 ordinationum,
775 1692 1039 1732 concessionum,

292 1754 519 1789 declarationis
533 1780 540 1790 ‚
563 1752 767 1792 tributionis,
800 1751 1039 1795 permissionis,

294 1812 427 1853 indulti,
455 1809 663 1850 adiectionis,
700 1809 926 1849 relaxationis,
955 1819 1043 1841 man-

294 1870 368 1911 dati,
385 1867 828 1912 (lei·ogationis,voluntatiset
838 1867 1042 1900 decretorum

295 1929 484 1971 infringere,
495 1928 543 1960 vel
555 1927 583 1960 ei
594 1938 675 1960 ausu
688 1925 859 1959 temerario
869 1924 1041 1958 contraire.

295 1987 326 2021 Si
346 1987 418 2030 quis
438 1991 543 2019 autem
564 1986 626 2018 hoc
641 1990 797 2018 attentare
817 1993 1043 2027 praesumpse-

295 2045 345 2086 rit,
359 2044 611 2088 indignationem
620 2043 850 2087 omnipotentis
860 2042 913 2074 Dei
925 2053 961 2074 ac
972 2042 1046 2074 bea-

296 2109 401 2135 torum
423 2102 506 2136 Petri
527 2108 558 2135 et
577 2101 666 2134 Pauli
686 2101 906 2145 apostolorum
928 2099 998 2132 eius
1013 2109 1045 2131 se

296 2161 417 2194 noverit
437 2160 657 2193 incursurum.
681 2197 691 2203 .

339 2219 451 2252 Datum
473 2219 592 2251 Romae
618 2225 702 2261 apuu
728 2217 879 2249 Sanctum
901 2214 1043 2252 Petrum,

298 2287 380 2310 anno
401 2276 633 2310 incarnationis
657 2275 839 2309 dominicae
872 2273 1046 2306 millesimo

299 2335 556 2378 quingentesimo
581 2333 817 2378 septuagesimo
838 2332 963 2375 quinto,
987 2330 1045 2362 idi-

300 2393 358 2424 bus
378 2394 530 2432 octobris,
555 2393 759 2437 pontificatus
778 2391 877 2424 nostri
899 2400 982 2422 anno
1005 2398 1044 2421 iv.

314 2449 375 2479 liat.
395 2450 441 2480 die
464 2451 501 2481 15
517 2450 645 2481 octobris
657 2450 733 2480 4575
746 2473 753 2484 ,
773 2448 877 2488 pontis.
894 2456 971 2476 anno
989 2454 1028 2476 1v.

605 2544 781 2554 ——1

893 180 1072 206 BULLARIUM
1091 178 1195 203 ROMAN
1200 178 1242 202 ΗΜ

1358 230 1562 267 CLXXXVIII.

1065 320 1255 360 ?Instz‘tutio
1288 320 1516 354 Universieatis
1536 321 1649 355 Studia·
1674 322 1835 365 yeneralis

1128 375 1329 407 diversarum
1336 374 1547 407 scientiarum
1554 375 1769 419 bonarumque
1778 386 1834 409 ar-

1130 429 1212 461 tiam
1229 430 1265 461 in
1282 429 1410 472 colleqio
1428 429 1686 472 presbyterorum
1706 430 1834 473 reyula-

1127 481 1214 513 riam
1226 481 1475 514 societatislesu
1485 482 1660 514 incivitate
1676 482 1831 523 Vilnensi,

1128 535 1164 566 in
1184 535 1292 578 Reyno
1312 535 1478 573 poloniae,
1498 545 1556 578 per
1573 534 1782 568 Valerianum
1793 536 1833 569 il-

1127 588 1190 620 lius
1211 589 1389 632 episcopum
1400 588 1548 631 fundato,
1561 599 1635 622 cum
1648 589 1842 633 privileyio-;

1127 652 1201 674 rum
1221 642 1422 685 elaryitione.

1129 736 1274 772 Gregorius
1294 737 1445 772 episcopus,
1465 744 1560 766 servus
1580 743 1721 766 sorvorum
1739 737 1795 771 Dei.

1218 792 1251 819 ad
1274 792 1434 826 perpetuam
1457 792 1499 820 rei
1530 791 1698 820 memoriam.

1127 872 1207 907 Dum
1239 880 1358 909 attenta
1386 875 1652 909 considerationis
1684 876 1834 919 indagine

1085 934 1326 970 perscrutamur
1349 940 1445 972 quam
1468 929 1644 973 pretiosum
1659 930 1833 973 sapientiae

1083 985 1115 1013 et
1133 981 1283 1015 scientiae
1304 982 1438 1022 donum,
1459 983 1610 1027 perquod
1632 983 1832 1026 ignorantiae

1083 1040 1115 1067 et
1138 1034 1287 1068 vitiorum
1317 1036 1468 1069 tenebrae
1493 1036 1718 1080 profligantur,
1745 1047 1834 1070 erro-

1084 1098 1197 1131 resque
1217 1089 1385 1130 tolluntur,
1406 1089 1534 1123 solliciti
1555 1089 1721 1123 reddimur
1740 1095 1772 1123 et
1784 1100 1834 1123 so-

1083 1141 1179 1174 lertes
1195 1147 1229 1174 ut
1249 1142 1427 1175 litterarum
1449 1149 1479 1176 et
1497 1143 1623 1187 pietatis
1637 1143 1834 1177 studioside-

1083 1194 1156 1227 bitis
1180 1195 1332 1228 virtutum
1353 1196 1568 1239 insignientur
1584 1196 1771 1238 honoribus,
1795 1208 1834 1231 ac

1084 1247 1233 1281 indefessi
1264 1249 1383 1282 laboris
1403 1250 1441 1282 ad
1462 1250 1516 1283 Dei
1537 1250 1673 1293 gloriam
1692 1250 1832 1295 suscepti

1083 1302 1264 1346 praemium
1285 1302 1414 1336 tandem
1435 1310 1610 1346 reportent.

1127 1356 1141 1399 ἓ
1166 1356 1197 1389 ¹1.
1225 1356 1318 1397 Sane,
1340 1368 1398 1400 pro
1419 1363 1508 1397 parte
1528 1357 1833 1392 venerabilisfratris

1083 1409 1183 1441 nostri
1203 1409 1375 1450 Valeriani,
1388 1411 1530 1454 episcopi
1550 1411 1719 1452 Vilnensis‚
1740 1411 1832 1445 nobis

1083 1473 1187 1506 nuper
1216 1462 1356 1496 exhibita
1382 1464 1492 1506 petitio
1522 1464 1707 1497 continebat
1731 1465 1829 1508 quod,

1084 1527 1156 1549 cum
1179 1516 1261 1549 idem
1283 1517 1470 1550 Valerianus
1494 1517 1664 1561 episcopus
1684 1529 1702 1551 a
1721 1518 1832 1552 decem

1083 1570 1175 1603 annis
1205 1571 1251 1603 vel
1278 1571 1375 1610 circa,
1405 1571 1442 1603 ad
1470 1571 1590 1614 patriae
1620 1577 1650 1604 et
1676 1572 1833 1606 dioecesis

1084 1635 1172 1662 suae,
1195 1635 1277 1666 quae
1309 1625 1477 1668 multiplici
1507 1631 1667 1658 sectarum
1701 1626 1771 1659 labe
1795 1636 1832 1659 ac

1084 1677 1297 1711 schismaticis
1317 1678 1482 1710 erroribus
1504 1678 1645 1722 itemque
1671 1679 1832 1713 Mahome·

1085 1730 1832 1772 tanainfidelitateobsidebatur,tutelam,unum

1085 1784 1256 1827 collegium
1281 1785 1538 1829 presbyterorum
1568 1785 1735 1819 Societatis
1762 1786 1832 1819 Iesu

1085 1838 1116 1871 in
1143 1838 1268 1871 civitate
1286 1838 1424 1871 Vilnensi
1437 1838 1590 1871 canonice
1602 1838 1680 1882 erigi
1694 1844 1724 1872 et
1741 1839 1832 1872 insti—

1085 1891 1142 1932 tui,
1166 1892 1311 1935 illudque
1331 1892 1495 1925 nonnullis
1515 1892 1693 1926 redditibus
1713 1899 1832 1938 etpro-

1085 1945 1231 1978 ventibus
1253 1945 1366 1978 ‚innuis
1385 1945 1487 1978 dotari
1508 1946 1678 1986 curaverit,
1700 1957 1737 1979 ac
1755 1946 1833 1980 adi-

1086 2004 1138 2032 cto
1158 2004 1302 2042 tempore
1323 2010 1359 2032 ex
1377 1999 1442 2042 ipso
1468 1999 1602 2042 collegio
1619 1999 1650 2031 in
1664 2010 1789 2032 morum
1803 2005 1834 2033 et

1086 2051 1328 2096 disciplinarum
1350 2052 1501 2085 exercitio
1522 2063 1587 2085 non
1608 2052 1710 2086 tenuis
1729 2053 1834 2096 prose-

1087 2111 1156 2138 ctus
1176 2111 1304 2139 exortus
1324 2111 1500 2149 spectetur,
1523 2111 1553 2139 et
1572 2116 1727 2139 numerus
1742 2106 1834 2139 scho-

1087 2159 1204 2191 larium
1227 2159 1344 2192 mirum
1371 2159 1403 2191 in
1435 2159 1565 2191 modum
1591 2159 1776 2199 accreverit,
1802 2164 1834 2192 et

1087 2212 1221 2254 singulis
1240 2212 1365 2252 diebus,
1389 2212 1596 2244 benedicente
1617 2211 1764 2253 Domino,
1778 2222 1834 2244 au-

1087 2271 1281 2307 gmentetur,
1305 2266 1336 2298 in
1363 2266 1483 2310 optima
1506 2266 1684 2308 theologiae
1704 2276 1740 2298 ac
1760 2265 1832 2309 phi-

1089 2319 1264 2362 losophiae,
1288 2330 1411 2352 necnon
1433 2319 1634 2357 liberalium,
1662 2318 1834 2351 moralium

1088 2367 1348 2411 Graecarumque
1369 2368 1542 2401 lectionum
1560 2367 1663 2400 studia
1687 2367 1833 2400 cumula-

1089 2417 1208 2449 tissime
1229 2427 1367 2458 versans,
1390 2417 1414 2448 si
1438 2417 1467 2449 in
1495 2416 1562 2460 ipsa
1591 2416 1727 2457 civitate,
1754 2425 1834 2458 quae

1869 1362 1970 1386 Valeriam
1989 1388 1993 1389 ⁷
2007 1364 2011 1365 ⁷

1847 1396 1947 1423 piscopus
1956 1397 1975 1418 ci

1847 1428 1874 1448 tis
1887 1425 1984 1449 vanans·

1847 1459 1902 1479 rexit.
1912 1459 1933 1479 in
1943 1464 1970 1480 ea
1985 1472 1988 1475 ι
2010 1457 2012 1460 “

1847 1490 1924 1517 legium
1937 1495 1982 1517 pre
1993 1492 2021 1514 κῃ

1847 1523 1940 1542 tei-orum
1953 1519 2012 1552 Sos

1848 1553 1897 1574 tatis
1909 1552 1964 1578 lesu,

1847 1589 1889 1604 non
1896 1583 1989 1605 modica}
2003 1602 2011 1604 .

1847 1621 1921 1636 norum
1951 1620 1983 1636 mo
1997 1614 2019 1630 ²

1847 1643 1998 1670 scientiarum
2008 1652 2009 1656 ¹

1848 1676 1956 1704 protectus
1970 1675 1982 1696 h

1848 1710 1881 1728 tus
1895 1712 1937 1734 est,
1952 1707 2019 1733 mui-

1847 1771 1924 1792 imriem
1938 1769 1977 1791 nni
2004 1762 2018 1787 fi>

1847 1802 1898 1822 sitas
1913 1801 1978 1822 studit

1847 1832 1954 1853 nerattsa
1980 1833 1983 1839 ’
2017 1831 2026 1852 ἶ

1847 1864 1976 1885 instituatur.
2004 1875 2006 1878 -

1090 2465 1172 2498 inter
1191 2472 1312 2499 ceteras
1339 2465 1442 2508 magni
1467 2464 1627 2497 Lituaniac
1639 2464 1772 2497 ducatus
1786 2463 1834 2497 ci-

1089 2514 1198 2547 vitates
1218 2514 1414 2558 percelebris
1433 2514 1545 2553 t'crtur,
1568 2524 1604 2546 ac
1624 2512 1730 2556 ampla
1749 2511 1835 2545 dioe-

1090 2563 1152 2597 cesi
1172 2563 1354 2605 ‹leem-atur,
1374 2572 1436 2596 una
1456 2561 1656 2605 generalium
1676 2567 1740 2594 tam
1753 2560 1834 2594 divi-
