2059 3228
75 31 87 44 .-

61 55 72 81 ἲ

19 235 136 278 eiust

154 345 374 389 apostolorum
387 345 455 378 cius
465 345 655 379 auctoritate
667 344 792 384 confisi,
801 343 904 377 omni-

153 397 215 432 hus
234 402 265 431 et
284 397 415 441 singulis
440 398 704 431 christifidelibus
727 408 800 431 vere
824 407 903 441 poc-

154 450 331 485 nitentibus
352 457 381 484 ct
413 452 578 491 confessis,
605 451 661 494 qui
692 450 844 494 deinceps
870 450 903 482 in

154 503 280 538 sodales
291 504 434 537 eiusdem
451 504 622 547 primariae
644 503 903 546 congregationis

154 567 211 591 seu
230 556 377 601 primarii
398 557 536 590 sodalitii
550 556 760 600 recipientur,
775 561 837 589 tam
851 555 902 588 die

153 609 346 654 receptionis
369 620 493 650 eorum,
518 610 543 643 si
568 609 806 643 sanctissimum
838 609 901 641 Eu-

153 663 323 697 charistiae
333 668 569 697 sacramentum
581 663 614 696 in
625 663 791 707 praedicta
799 663 902 695 eccle-

152 716 209 758 sia,
223 721 279 750 aut
291 717 490 760 ubicumque
506 716 682 761 potuerint,
699 727 737 749 eo
749 715 800 749 die
817 727 903 749 sum-

152 769 287 814 pserint,
309 780 405 814 quam
426 769 459 802 in
479 769 591 802 mortis
610 769 768 802 articulo:

196 823 211 866 ἓ
226 821 257 856 6.
272 823 403 856 Necnon
420 822 497 867 ipsis
510 834 547 856 ac
560 822 711 856 omnibus
724 827 754 855 et
767 821 902 865 singulis

25 881 138 918 -iinieun-
152 875 224 910 aliis
242 875 412 920 utriusque
431 887 523 910 sexus
534 875 797 910 christifidelibus
806 876 901 909 etiarn

31 912 138 966 {iffi-2:
150 940 224 964 vere
247 929 485 974 poenitentibus
509 935 539 963 et
563 929 725 969 confessis,
747 940 901 973 sacraque

28 974 58 996 ¹¹¹¹
69 972 138 996 Μ’*
151 982 385 1017 Communione
401 983 539 1024 resectis,
553 982 608 1026 qui
621 983 789 1016 ecclesiam
807 993 901 1026 prae-

151 1035 281 1077 dictam,
295 1036 346 1070 die
357 1036 534 1070 festivitatis
554 1036 697 1070 eiusdem
717 1036 902 1069 Annuncia-

149 1089 246 1124 tionis
264 1090 299 1123 B.
321 1090 448 1130 Mariae,
471 1101 489 1123 a
508 1090 619 1134 primis
638 1090 779 1134 vesperis
798 1101 901 1133 usque

149 1143 190 1177 ad
204 1153 355 1176 occasum
369 1143 445 1176 solis
456 1143 558 1187 ipsius
578 1142 767 1182 festivitatis,
789 1143 900 1176 devote

148 1195 352 1237 visitaverint,
373 1201 405 1230 et
424 1196 503 1230 inibi
523 1207 583 1241 pro
603 1196 802 1240 reipublicae
819 1196 902 1229 chri-

150 1249 271 1284 stianae
295 1250 535 1284 conservatione
555 1255 586 1284 et
605 1255 791 1293 augmento,
823 1251 900 1283 liae-

149 1313 258 1338 resum
283 1303 506 1348 extirpatione,
528 1303 781 1348 principumque
812 1303 899 1337 cliri-

150 1357 329 1391 stianorum
353 1362 466 1390 mutua
489 1362 520 1390 et
543 1357 715 1390 universali
744 1368 833 1401 pace,
863 1367 901 1390 ac

149 1416 259 1445 nostra
277 1416 309 1444 et
327 1421 386 1455 pro
402 1415 548 1454 tempore
565 1409 769 1444 existentium
785 1411 901 1443 Roma-

150 1475 266 1498 norum
284 1464 478 1498 Pontificum
498 1464 712 1508 prosperitate
735 1464 783 1497 vel
808 1464 898 1504 alias,

149 1529 273 1563 preces,
294 1523 392 1562 prout
408 1518 583 1561 unicuique
596 1523 747 1561 suggeret
759 1517 897 1559 devotio,

150 1572 190 1606 ad
212 1572 314 1605 Deum
333 1572 444 1605 devote
464 1571 647 1605 effuderint:

193 1626 210 1670 ἓ
229 1625 260 1660 7.
282 1626 417 1669 Insuper
428 1625 549 1659 eisdem
562 1625 740 1665 sodalibus,
753 1624 902 1658 similiter

30 1685 224 1713 ¹fimena-vere
244 1678 481 1723 poenitentibus
501 1683 531 1712 et
546 1678 708 1719 confessis,
724 1678 779 1721 qui
796 1679 828 1710 in
838 1678 900 1711 Na-

31 1718 283 1776 0⁰¹31'p‘222'tivitaiis
295 1737 325 1765 et
339 1731 542 1765 Ascensionis
561 1732 687 1765 Domini
709 1732 809 1765 nostri
830 1732 900 1765 Iesu

32 1779 138 1832 ,ῗξξζξξζῶ
150 1785 279 1826 Christi,
300 1796 337 1818 ac
360 1785 640 1826 Annunciationis,
663 1785 901 1829 Assumptionis

34 1840 72 1867 ‘²¹⁸⁵
151 1843 182 1872 et
199 1838 424 1883 Conceptionis
444 1849 572 1872 necnon
591 1838 768 1871 Nativitatis
788 1839 821 1871 B.
837 1839 899 1871 Ma-

151 1891 218 1926 riae
244 1892 381 1936 Virginis
414 1892 500 1925 sestis
534 1892 658 1933 diebus,
699 1892 899 1936 praedictum

151 1945 389 1979 sanctissimum
419 1945 663 1979 Sacramentum
696 1945 817 1978 ibidem
851 1946 899 1978 vel

153 1997 229 2032 alibi
248 1998 443 2042 acceperint,
465 1998 643 2043 plenariam
665 1999 811 2032 omnium
827 2010 902 2043 pec-

154 2057 299 2084 catorum
318 2062 452 2085 suorum
476 2052 711 2095 indulgentiam
731 2057 762 2085 et
786 2052 900 2084 remis-

154 2103 288 2146 sionem,
314 2105 489 2149 apostolica
512 2105 703 2139 auctoritate
728 2110 758 2138 et
789 2110 902 2139 tenore

154 2157 336 2202 praedictis,
347 2158 601 2192 misericorditer
620 2158 653 2192 in
672 2159 807 2192 Domino
823 2170 900 2192 con-

156 2210 298 2244 cedimus
317 2216 348 2244 et
366 2211 553 2255 elargimur.

199 2264 215 2308 ἓ
234 2263 266 2297 8.
287 2264 431 2309 Ipsisque
451 2265 626 2305 sodalibus,
652 2265 708 2308 qui
729 2266 767 2298 dc
788 2276 901 2299 eorum

47 2320 144 2338 ’ΝΜ-
155 2327 292 2352 numero
311 2318 513 2351 existentium
533 2319 582 2351 vel
609 2318 746 2352 aliorum
775 2319 902 2352 christi-

51 2352 145 2401 :t'uuiiiz
157 2370 299 2405 fidelium
324 2371 550 2405 defunctorum
576 2382 712 2415 corpora
736 2373 774 2405 ad
795 2374 903 2417 sepul-

156 2423 262 2453 turam
283 2420 532 2453 ecclesiasticam
552 2421 791 2454 associaverint.

201 2467 268 2511 59.
289 2469 352 2502 Aut
375 2468 495 2502 infirmi
526 2470 574 2502 vel
606 2469 764 2512 impediti,
795 2470 903 2503 audito

69 2149 80 2163 Ο

50 2545 84 2571 int.
111 2552 148 2574 pro

44 2598 61 2618 is
73 2599 150 2621 oranti-

778 235 953 260 Gnssflonttts
977 235 1031 258 xm
1059 234 1104 257 ΙΨ.

155 290 377 325 misericordia
397 301 434 325 ac
456 290 625 325 beatorum
649 289 734 324 Petri
760 295 791 323 et
813 289 903 323 Pauli
947 298 1016 321 mae
1034 286 1174 320 defuncti
1194 287 1241 320 vel
1263 285 1407 331 corporis
1431 284 1552 319 infirmi
1577 285 1698 320 recita-

1590 220 1647 256 501
1715 228 1768 257 Λιι-
1782 227 1811 258 C.
1834 230 1904 259 1580

945 341 1060 375 verint.

989 395 1003 438 ἓ
1024 394 1076 427 ts).
1093 394 1222 427 Necnon
1236 393 1615 437 quicongregationibus,
1628 398 1693 428 tam
1713 397 1901 455 buzgffgeffigss

944 448 1085 493 publicis
1105 459 1200 490 quam
1222 448 1361 492 privatis,
1382 459 1418 481 ac
1438 447 1553 481 divinis
1566 447 1696 489 officiis,
1715 459 1796 486 gationi
1814 461 1869 488 eie„

944 500 1233 544 spiritualibusque
1257 500 1440 543 colloquiis,
1467 499 1699 533 exhortationi-

943 555 1004 587 bus
1028 558 1058 586 et
1078 553 1148 586 aliis
1168 553 1230 597 piis
1247 554 1371 595 officiis,
1393 554 1489 587 etiam
1516 554 1548 587 in
1578 553 1696 587 sodalis

943 618 999 639 scu
1018 606 1156 639 aliorum
1184 606 1441 639 christifidelium
1467 607 1694 640 defunctorum

944 660 1147 702 suffragium,
1155 660 1404 704 perprimariam
1414 660 1696 704 congregationem

944 724 1000 746 seu
1026 713 1218 756 primarium
1239 713 1424 746 sodalitium
1442 714 1644 755 ordinandis,
1666 720 1698 748 et

943 766 1074 811 abipso
1094 766 1279 810 praeposito
1309 777 1365 800 seu
1398 767 1518 800 vicario
1553 767 1697 811 generali

942 820 1170 864 approbandis,
1183 820 1304 864 quique
1313 820 1427 854 diebus
1444 821 1565 854 seriatis
1581 821 1696 855 missae.

942 873 1104 906 sacrificio
1129 873 1345 906 interfuerint.

987 927 1002 970 ξ
1026 927 1079 959 11.
1115 927 1178 959 Aut
1205 926 1387 971 vespertino
1415 932 1573 971 tempore,
1602 932 1692 962 ante·
1721 968 1725 972 ι
1777 937 1896 973 Consuan-

942 991 1039 1025 quam
1060 981 1192 1021 cubent,
1215 980 1443 1014 conscientiam
1459 992 1549 1014 suam
1561 982 1695 1026 diligen·
1711 970 1896 1025 iiiiifmmm‘

943 1039 992 1067 ter
1011 1034 1274 1068 examinaverint.

985 1089 1000 1131 ,ξ
1020 1088 1073 1121 12.
1096 1088 1159 1122 Seu
1182 1098 1341 1131 pauperes
1370 1088 1527 1128 infirmos,
1553 1093 1617 1122 tam
1642 1099 1694 1122 so-
1734 1092 1832 1115 infirmos
1854 1093 1891 1116 *οἱ

942 1143 1028 1175 dales
1049 1153 1145 1185 quam
1164 1143 1255 1183 alios,
1278 1143 1309 1175 in
1326 1142 1540 1186 hospitalibus
1559 1143 1607 1176 vel
1629 1142 1695 1186 pri·
1708 1127 1830 1183 ξῖιῗηῖἷῖἶιῗ
1862 1124 1893 1147 '¹'

941 1195 1020 1228 vatis
1040 1196 1202 1236 domibus,
1228 1206 1356 1230 necnon
1380 1201 1562 1230 carceratos
1584 1195 1693 1230 visita-

941 1255 1054 1282 verint.

985 1303 999 1345 ξ
1027 1302 1079 1336 13.
1111 1304 1170 1336 Aut
1191 1314 1304 1347 pacem
1330 1303 1414 1336 inter
1436 1303 1586 1337 inimicos
1611 1314 1690 1337 con·
1780 1305 1891 1343 mimim-

942 1356 1131 1398 ciliaverint,
1158 1357 1285 1400 quoties
1308 1357 1425 1390 horum
1450 1357 1585 1400 quodvis
1605 1358 1689 1390 sece-
1705 1343 1889 1395 33321b0252⁰511¹ffi

941 1410 1017 1451 rint,
1039 1421 1140 1443 unum
1166 1422 1287 1444 annum
1316 1411 1356 1444 de
1384 1411 1430 1444 eis
1460 1411 1614 1444 iniunctis
1642 1401 1889 1452 veiffflssfmmm'

941 1464 1019 1497 alias
1039 1465 1280 1507 quomodolibet
1302 1464 1417 1498 debitis
1428 1465 1647 1509 poenitentiiS,
1661 1476 1692 1498 a·

941 1518 1097 1562 postolica
1117 1519 1307 1551 auctoritate
1327 1524 1358 1551 et
1378 1524 1489 1552 tenore
1517 1519 1689 1560 similibus,

942 1572 1037 1605 etiam
1068 1572 1322 1606 misericorditer
1350 1573 1382 1605 in
1411 1573 1547 1606 Domino
1567 1573 1690 1607 relaxa-

941 1635 1024 1658 mus.

985 1678 1072 1721 §44
1100 1679 1327 1722 Quascumque
1359 1680 1437 1713 alias
1466 1679 1690 1723 praesentibus
1703 1680 1887 1734 'ijffigoessffl’duss

941 1742 1005 1764 non
1023 1743 1185 1776 expressas
1202 1733 1416 1777 indulgentias
1436 1740 1464 1766 et
1481 1739 1687 1777 peccatorum
1703 1743 1828 1768 genitarum.

942 1786 1156 1825 remissiones,
1187 1788 1281 1820 etiam
1315 1788 1488 1831 plenarias,
1511 1793 1542 1821 et
1565 1788 1688 1821 relaxa-

941 1839 1045 1872 tiones
1069 1840 1272 1874 scholaribus
1292 1847 1319 1874 et
1341 1842 1411 1874 aliis
1430 1841 1613 1885 praedictis,
1640 1853 1689 1875 ra-

941 1892 1027 1925 tione
1058 1893 1135 1926 dicti
1165 1905 1277 1927 eorum
1306 1895 1451 1935 instituti,
1479 1896 1527 1929 vel
1554 1896 1632 1929 alias
1655 1896 1689 1929 in

942 1947 1106 1979 communi
1127 1958 1185 1990 per
1205 1959 1262 1981 nos
1282 1957 1313 1981 et
1333 1950 1445 1982 Sedem
1470 1949 1686 1993 Apostolicam

941 2000 1184 2043 quomodolibet
1208 2013 1385 2043 concessas,
1407 2004 1587 2037 revocando
1607 2009 1639 2038 et
1656 2015 1689 2038 a·

941 2053 1118 2095 brogando.

986 2107 1000 2150 §
1021 2107 1073 2141 15.
1104 2108 1248 2152 Insuper,
1268 2120 1307 2142 ne
1328 2110 1461 2153 praefati
1491 2111 1636 2153 sodales,
1662 2111 1687 2145 si
1728 2114 1816 2136 S⁰d³¹¹³⁵
1843 2115 1888 2151 ,⁸¹³-

942 2160 1115 2203 aliquando
1145 2172 1199 2194 eos
1230 2163 1269 2194 ab
1299 2162 1366 2207 ipsa
1397 2163 1480 2196 Urbe
1511 2165 1620 2198 abesse
1638 2167 1687 2199 vel
1703 2147 1886 2203 ἶῖἑῑπῗεῖιεῗὲἓζῗ

943 2214 1018 2246 alibi
1036 2216 1228 2248 commorari
1250 2216 1424 2259 contingat,
1442 2217 1626 2252 huiusmodi
1642 2219 1690 2253 in-
1702 2209 1888 2260 ζῗξᾱρωεῧᾚζῗῖ

943 2267 1178 2309 dulgentiarum
1200 2274 1229 2301 et
1249 2268 1384 2301 aliarum
1404 2270 1581 2312 gratiarum
1593 2272 1689 2316 spiri·
1703 2270 1788 2296 8⁰⁰²³³⁵·

943 2320 1078 2353 tualium
1100 2322 1215 2354 effectu
1233 2327 1263 2354 et
1287 2322 1392 2355 fructu
1414 2324 1555 2357 frustrati
1586 2336 1691 2360 rema-

943 2379 1052 2415 neant,
1067 2374 1185 2407 eisdem
1198 2375 1371 2415 sodalibus,
1389 2382 1475 2409 extra
1486 2377 1602 2412 Urbem
1621 2378 1691 2413 ubi-

943 2423 987 2455 vis
1006 2423 1152 2456 locorum
1170 2435 1227 2467 pro
1241 2430 1386 2469 tempore
1399 2428 1687 2470 commorantibus,

944 2476 976 2504 ut
999 2472 1031 2505 in
1047 2472 1135 2512 locis,
1156 2473 1209 2505 ubi
1231 2484 1285 2506 eos
1305 2485 1362 2517 pro
1383 2480 1528 2519 tempore
1548 2477 1691 2512 residere

61 2516 250 2560 *imno-signo
269 2528 455 2561 campanae,
472 2518 679 2561 genuflexi,si
695 2529 752 2562 per
767 2519 904 2552 infirmi·
945 2532 1001 2554 seu
1022 2522 1140 2554 morari
1168 2523 1350 2566 contigerit,
1386 2535 1483 2568 opera
1514 2526 1688 2569 praedicta,

45 2571 78 2592 -ιῐι
115 2573 148 2594 ut
161 2569 258 2598 tatem
285 2565 404 2606 licebit,
437 2566 618 2600 Orationem
645 2567 843 2601 Dominicam
875 2574 906 2602 et
923 2581 927 2614 i
945 2581 1027 2614 quae
1048 2570 1107 2613 ipsi
1128 2571 1252 2604 sodales
1272 2572 1303 2604 in
1323 2572 1408 2606 Urbe
1428 2580 1611 2616 praesentes
1630 2587 1689 2620 pro

163 2613 393 2649 Salutationem
413 2615 608 2659 Angelicam,
627 2626 687 2660 pro
706 2616 808 2651 salute
835 2618 905 2651 ani-
921 2622 929 2667 ι
945 2619 1145 2663 singularum
1161 2619 1447 2664 indulgentiarum,
1463 2623 1690 2658 remissionum
