2059 3228
38 0 95 57 V.

40 206 88 240 m
103 206 132 236 C.
151 208 215 237 1585

879 210 981 235 sthus
1005 208 1022 233 V
1047 209 1093 233 FP.

1648 194 1683 229 Ol
1692 196 1711 229 5

228 261 337 301 tinent,
361 262 490 304 praevio
514 263 657 305 diligenti
677 267 708 296 et
727 263 872 304 rigoroso
897 271 970 296 exa·
991 276 992 280 ¹
1012 259 1163 304 posituris
1213 261 1362 303 praefatis
1402 260 1566 303 quibusvis
1610 257 1756 302 personis

227 313 321 354 mine,
350 325 386 347 ac
420 315 497 348 alias
529 316 613 349 iuxta
636 317 734 362 ipsius
754 316 970 349 Universitatis
1011 314 1088 347 alias
1108 323 1203 356 quam
1231 324 1286 356 per
1315 314 1433 345 dietum
1458 319 1612 346 ret-torem
1639 310 1675 343 ad
1699 322 1755 344 no-

226 367 365 400 instituta
397 374 427 400 et
448 369 623 402 laudabiles
643 369 890 403 consuetiuliucs
911 369 969 403 cli·
1012 366 1219 399 minationem
1241 372 1267 398 et
1285 367 1474 399 electionem
1488 366 1654 398 consulum
1674 365 1756 397 iura-

224 420 334 461 gcndis
365 427 394 453 ct
422 422 623 465 deputandis,
658 429 813 466 perpetuo
838 423 970 455 affectae
1012 426 1130 459 torum,
1155 420 1330 457 rationalis,
1352 420 1472 463 syndici
1494 431 1529 451 ae
1550 419 1686 451 alioruin
1709 418 1756 450 ius

224 472 285 504 sint
296 478 325 504 et
336 481 614 516 esseccnscantur;
628 486 664 508 ac
675 476 735 508 illis
745 480 811 518 post
823 475 969 507 nomina-

225 525 341 558 tionem
377 532 407 559 et
435 527 623 561 electionem
650 529 817 561 consulum
849 528 968 561 iurato-

225 588 307 619 rum,
330 580 495 613 rationalis
514 586 545 614 ct
565 580 698 625 syndici,
720 592 755 613 ac
769 581 906 613 aliorum
922 581 969 613 in-

225 632 378 665 tervenire
399 634 582 666 debentium
603 639 633 666 ct
658 634 823 667 solitorum
846 634 969 676 praesa-

224 686 414 725 torum,siue
424 686 531 730 aliquo
541 687 759 727 obstaculo,ac
768 686 854 719 omni
867 687 968 730 impe—

222 737 365 771 dimento
378 744 408 771 ct
423 739 684 782 tergiversatione
704 746 847 773 cessante
868 740 969 783 (post-

222 801 317 833 quam
336 791 366 823 in
387 791 455 825 eius
467 792 613 825 manibus
624 793 798 826 catholicae
809 793 881 826 fidei
899 804 970 836 pro·
989 817 991 820 >

224 844 404 885 sessionem,
427 845 511 878 iuxta
537 846 690 879 articulos
707 846 829 889 pridem
851 858 867 878 a
889 847 969 879 Sede

223 898 362 941 praefata
383 898 575 941 propositos,
602 909 748 942 expresse
776 899 966 941 emiserint),

222 951 426 984 conserantur
446 958 476 984 et
496 951 707 995 assignentur,
726 964 760 985 ac
781 953 918 985 conferri
940 959 969 986 et

222 1004 373 1047 assignari
400 1005 553 1045 debeant;
585 1015 644 1038 nec
674 1006 755 1038 duae
782 1017 817 1038 ex
851 1006 894 1039 cis
913 1018 970 1050 per

222 1067 322 1090 unum
339 1057 467 1090 insimul
488 1059 647 1092 ullatenus
664 1059 801 1091 obtineri
818 1060 966 1092 debeant.

221 1110 376 1154 Quodque
406 1112 551 1155 singulae
585 1113 826 1156 praepositurae
855 1113 968 1146 buius-

223 1164 309 1197 modi
333 1165 392 1197 sub
418 1166 515 1198 nullis
544 1166 740 1210 specialibus
767 1167 813 1198 vel
834 1177 968 1209 genera—

222 1217 316 1258 libus,
339 1218 436 1251 eiiam
456 1219 661 1260 mentalibus,
685 1220 967 1261 reservationibus,

221 1270 455 1312 affectionibus,
475 1272 570 1305 etiam
592 1273 624 1305 in
647 1273 869 1316 corporeiuris
880 1274 969 1306 clau-

222 1324 276 1363 sis,
289 1335 414 1357 necnon
426 1326 642 1369 expectativis,
658 1326 969 1365 coadiutoi·iis‚man-

222 1378 315 1418 datiS,
329 1379 547 1420 facultatibus,
563 1379 693 1412 indultis
709 1380 747 1412 de
761 1380 968 1423 providendo,

223 1432 478 1465 commendando
507 1438 562 1465 aut
592 1433 669 1465 alias
689 1433 899 1477 disponendo,
920 1435 968 1467 vel

222 1484 293 1517 aliis
320 1485 431 1527 gratiis
462 1485 694 1529 praeventivis‚
734 1497 792 1529 per
825 1497 883 1519 nos
915 1492 969 1519 aut

222 1537 484 1581 praedecessores
504 1544 629 1571 nostros
649 1539 809 1571 Romanos
838 1539 968 1571 Pontifi-

222 1600 275 1624 ces
293 1601 352 1634 pro
373 1597 517 1635 tempore
538 1592 721 1633 existentes,
734 1599 761 1625 et
777 1593 894 1625 dictam
911 1594 968 1626 Se-

221 1644 293 1676 dem
313 1645 360 1677 vel
376 1645 587 1687 eiuslegatoe,
606 1646 700 1678 etiarn
713 1646 968 1679 consideratione

222 1703 253 1730 et
272 1697 389 1731 intuitu
411 1708 448 1731 ac
468 1699 743 1743 contemplatione
764 1709 819 1732 seu
854 1699 893 1731 ad
919 1699 968 1732 in-

221 1751 597 1796 stantiamimperatoris,
620 1763 746 1795 regum,
770 1752 966 1796 reginarum,

222 1813 258 1838 ac
278 1805 374 1838 etiam
393 1811 520 1839 sanetae
540 1806 702 1839 Romanae
723 1807 883 1839 Ecclesiae
897 1817 968 1839 car-

223 1858 378 1891 dinalium
411 1860 458 1892 vel
489 1860 626 1892 aliorum
655 1859 849 1903 principum,
878 1865 908 1893 et
932 1869 968 1892 ex

222 1921 428 1956 quacumque
448 1922 555 1952 causa,
577 1913 813 1955 quantumlibet
830 1913 967 1955 urgenti,

225 1974 283 2007 pro
297 1970 441 2009 tempore
459 1965 558 2006 factis,
570 1966 897 2009 comprehendan1ur3
909 1976 969 1999 nec

222 2018 316 2051 etiam
349 2023 514 2063 tamquam
545 2025 693 2053 vacantes
737 2020 822 2063 apud
854 2019 968 2052 Sedem

224 2071 409 2114 praefatam,
435 2078 490 2105 aut
509 2073 575 2106 ulla
594 2073 656 2106 alia
676 2072 813 2112 ratione,
835 2083 968 2115 genera-

225 2124 296 2158 liter
327 2126 374 2158 vel
403 2126 586 2169 specialiter
624 2126 796 2165 reservari,
837 2136 895 2158 nec
933 2125 970 2158 il-

225 2177 326 2210 larum
362 2179 528 2212 vacatione
563 2190 620 2222 per
649 2178 911 2221 resignationem,
938 2189 970 2211 e-

225 2230 300 2263 tiam
321 2241 356 2263 ex
381 2242 477 2264 causa
498 2232 752 2276 permutationis,
775 2232 868 2264 etiam
884 2232 970 2275 apud

223 2283 338 2317 Sedem
360 2285 587 2329 eamdem‚pro
607 2290 752 2328 tempore
767 2289 968 2325 oecurrente,

225 2347 282 2379 per
305 2348 363 2370 nos
383 2342 437 2369 aut
458 2348 515 2380 pro
536 2343 679 2381 tempore
700 2338 887 2370 existentem
908 2338 970 2370 Ro-

226 2396 356 2418 manum
379 2386 563 2419 Pontificem
581 2387 628 2419 vel
649 2386 763 2419 Sedem
784 2386 970 2418 huiusmodi

225 2434 264 2467 dc
283 2433 347 2466 illis
368 2434 528 2478 provideri
557 2440 612 2467 aut
637 2434 715 2467 alias
741 2435 970 2478 quoquomodo

225 2482 351 2526 disponi
366 2484 479 2526 possit3
497 2489 527 2516 et
540 2494 764 2527 quaecumque
775 2483 972 2523 collationes,

189 2573 193 2577 ·
227 2532 436 2574 provisiones,
457 2532 668 2565 commendae
688 2537 719 2565 et
735 2532 815 2564 aliae
836 2532 972 2574 disposi-

227 2580 338 2622 tioncs,
358 2591 438 2624 quas
459 2592 494 2614 ex
520 2591 607 2613 nunc
636 2581 674 2614 de
696 2586 803 2614 cetero
824 2581 861 2612 de
879 2591 972 2624 prae-

1011 473 1200 505 nominandi
1222 478 1248 504 et
1272 473 1408 512 eligendi
1431 473 1614 505 huiusmodi
1637 471 1757 504 baben-

1011 526 1102 563 tium‚
1131 526 1243 569 quovis
1279 526 1386 564 modo,
1421 526 1515 558 etiam
1551 536 1608 568 per
1641 525 1755 556 Sedent

1011 579 1197 622 praefatam,
1224 579 1291 611 lieri
1311 578 1490 619 eontigerit,
1511 579 1617 610 nullae
1649 584 1674 609 et
1708 577 1755 609 in-

1011 631 1133 664 validae
1160 632 1346 674 nulliusque
1389 631 1512 663 roboris
1543 637 1570 662 et
1603 630 1754 663 momenti

1011 684 1073 716 sint
1097 689 1128 717 et
1147 695 1215 717 esse
1236 689 1439 722 censeantur,
1465 694 1501 716 ae
1527 694 1584 727 pro
1605 684 1702 716 nullis
1726 689 1756 715 et

1012 736 1137 769 inseetis
1154 737 1345 775 habeantur*⁷
1368 747 1426 769 nec
1445 736 1594 778 cuiquam
1616 736 1664 769 ius
1684 746 1752 776 seu,

1011 792 1105 822 ctiam
1127 791 1320 830 coloratum,
1341 789 1521 833 possidendi
1543 789 1669 822 titulum
1702 790 1755 822 tri-

1011 844 1121 876 buant.
1150 844 1196 876 Ad
1230 843 1331 883 hacc,
1373 843 1481 875 nullus
1510 843 1641 875 omnino
1667 854 1755 885 prae·

1011 896 1188 940 positorum
1237 897 1454 940 praefatorum
1502 896 1754 939 praeposituram

1010 960 1068 993 per
1087 960 1159 982 eum
1185 960 1243 993 pro
1266 956 1408 993 ternpore
1436 949 1600 982 obtentam
1622 949 1651 981 in
1678 949 1755 981 alte-

1012 1003 1079 1036 rius
1113 1014 1209 1047 quam
1245 1003 1320 1036 dicti
1359 1002 1493 1035 rectoris
1520 1002 1688 1037 manibus,
1726 1007 1756 1034 et

1012 1055 1040 1087 id
1057 1056 1186 1099 quidem
1208 1056 1319 1096 libere,
1342 1056 1503 1098 resignare
1517 1060 1567 1087 aut
1582 1055 1753 1091 dimittere,

1010 1121 1066 1143 seu
1087 1109 1149 1143 iuri
1170 1110 1228 1142 sibi
1250 1110 1281 1142 in
1302 1109 1346 1142 eis
1366 1109 1413 1142 vet
1430 1109 1467 1141 ad
1482 1108 1550 1141 illas
1562 1108 1756 1152 competenti

1011 1163 1136 1202 cedere,
1157 1174 1216 1196 nec
1236 1162 1442 1196 reservationi
1464 1162 1757 1201 sructuum,reddi-

1011 1222 1113 1257 tuum,
1136 1221 1361 1259 proventuum,
1376 1216 1508 1255 iuriam,
1528 1215 1756 1248 obventionum

1011 1276 1041 1303 et
1078 1270 1373 1303 emolumentorum
1409 1274 1464 1302 aut
1494 1269 1755 1312 quotidianarum

1011 1323 1272 1356 distributionum
1293 1322 1436 1355 ciusdem
1450 1322 1690 1365 praepositurae
1701 1332 1756 1354 seu

1011 1377 1147 1410 alieuius
1171 1377 1270 1420 partis
1295 1386 1420 1415 eorum,
1444 1381 1498 1408 aut.
1518 1375 1680 1419 pensionis
1700 1386 1756 1407 an-

1011 1439 1105 1471 nuae,
1125 1440 1223 1474 super
1242 1429 1363 1463 eisdem
1385 1429 1565 1462 consentire
1590 1428 1698 1473 possit.
1722 1429 1757 1461 Et

1010 1483 1207 1527 quicumque
1228 1493 1264 1516 ex
1286 1483 1363 1526 ipsis
1391 1482 1591 1526 praepositis,
1618 1493 1676 1526 per
1695 1487 1756 1514 tres

1011 1547 1136 1570 menses
1166 1536 1336 1570 continuos
1357 1546 1374 1569 a
1395 1536 1519 1578 legendi
1542 1546 1675 1568 munere
1697 1534 1755 1567 sibi

1010 1602 1068 1635 pro
1089 1596 1233 1635 tempore
1266 1590 1486 1629 incumbente,
1522 1588 1663 1631 legitimo
1688 1599 1755 1621 ces-

1010 1650 1099 1678 sante
1118 1645 1372 1688 impedimento,
1395 1655 1451 1687 per
1470 1648 1629 1675 rectorem
1644 1670 1651 1683 ,
1678 1653 1754 1675 con-

1010 1698 1094 1731 sules
1127 1698 1266 1737 iuratos,
1300 1697 1488 1729 rationalem
1527 1701 1557 1728 et
1590 1695 1754 1737 syndicum

1010 1751 1190 1794 praedictos
1209 1750 1430 1795 approbando,
1440 1748 1618 1788 cessaverit,
1631 1754 1753 1780 extunc

1010 1804 1103 1837 dictis
1135 1804 1236 1837 tribus
1270 1803 1433 1836 mensibus
1454 1803 1580 1845 elapsis,
1604 1801 1754 1834 cathedra

1009 1857 1068 1890 sihi
1093 1859 1250 1901 assignata
1271 1863 1301 1889 et
1321 1856 1366 1888 illi
1391 1856 1503 1888 affecta
1518 1855 1751 1898 praepositura,

1011 1921 1068 1954 pro
1086 1911 1155 1955 ipso
1176 1911 1246 1943 iure
1265 1916 1295 1942 et
1315 1911 1408 1948 sacto,
1429 1908 1549 1951 absque
1575 1907 1635 1940 alia
1651 1907 1754 1939 decla-

1011 1964 1145 2005 ratione,
1168 1968 1325 2007 perpetuo
1345 1962 1486 2007 privatus
1506 1961 1545 1993 sit
1565 1965 1672 1993 etesse
1683 1970 1755 1992 cen-

1011 2023 1129 2059 seatur,
1152 2017 1291 2060 indeque
1321 2016 1389 2048 sine
1416 2014 1510 2058 spolii
1537 2019 1567 2046 et
1587 2019 1755 2046 attentato-

1011 2082 1082 2104 rum
1114 2070 1190 2103 vitio
1222 2068 1386 2108 amo-ceri3
1417 2079 1453 2100 ac
1474 2067 1622 2100 consules
1646 2065 1754 2105 iurati,

1012 2124 1174 2157 rationalis
1190 2130 1219 2156 et
1239 2123 1396 2166 syndicus,
1418 2132 1491 2153 vum
1511 2120 1623 2153 ceteris
1644 2119 1674 2152 in
1695 2120 1758 2152 ele-

1011 2177 1117 2210 ctione
1142 2175 1335 2209 intervenire
1360 2174 1474 2213 solitis,
1497 2174 1608 2211 alium,
1628 2172 1758 2204 inillius

1012 2230 1056 2263 sic
1076 2230 1188 2274 privati
1210 2235 1240 2262 et
1260 2228 1355 2260 amoti
1378 2228 1497 2266 locum,
1517 2227 1553 2259 ad
1571 2226 1754 2258 cathedram

1012 2283 1220 2322 huiusmodi,
1253 2281 1381 2325 praevio
1414 2280 1580 2317 examine,
1614 2289 1651 2312 ac
1678 2279 1757 2311 alias

1012 2337 1108 2369 modo
1133 2342 1164 2369 et
1188 2336 1289 2368 forma
1304 2333 1497 2377 praemissis,
1522 2333 1639 2375 eligere
1659 2337 1689 2365 et
1704 2332 1758 2364 de-

1013 2392 1145 2429 putarc;
1169 2390 1274 2417 rector
1292 2394 1365 2416 vero
1387 2382 1572 2426 lu'aedivtns
1592 2382 1636 2413 sic
1655 2381 1756 2414 electo

1013 2440 1044 2467 ct
1064 2435 1215 2477 deputato
1233 2432 1490 2476 praeposituram
1518 2431 1622 2463 eidem
1648 2430 1757 2463 cattio--

1013 2483 1089 2515 drae
1099 2483 1424 2523 affectam,tamquam
1437 2491 1494 2524 per
1506 2479 1713 2523 privationem
1728 2484 1758 2511 et

1013 2531 1207 2563 amotionem
1242 2529 1427 2562 huiusmodi
1457 2534 1640 2568 vacantem,
1667 2528 1757 2560 nullo

1013 2580 1075 2612 alio
1092 2580 1174 2612 sacto
1204 2579 1361 2618 examine,
1388 2577 1539 2621 omnique.
1571 2576 1757 2623 exceptione

1772 200 1826 228 An.
1841 197 1871 227 C.
1885 198 1953 226 Ἰἰέςῠ
