2059 3228
172 243 236 280 que
260 235 410 268 externas
441 239 552 278 gentes
579 234 618 267 ad
639 234 687 267 sui
709 234 919 269 imitationem

171 292 347 322 convertat.
369 287 403 320 Id
424 287 510 334 enim
535 287 676 331 postulat
703 287 804 332 ipsius
827 287 920 322 Urbis

170 340 322 376 sanctitas
341 345 373 374 et
387 341 512 384 religio,
539 352 621 384 quac.
641 345 826 375 sanctorum
839 352 918 386 apo-

170 395 327 430 stolorum
359 400 390 428 et
420 395 705 428 innumerabilium
741 401 917 441 martyrum

169 449 327 493 sanguine
347 455 535 490 consecrata
559 453 654 493 atquc
679 449 760 482 adeo
791 450 920 493 perfusa

171 508 230 544 est,
251 507 290 536 ut
312 513 444 547 quoquo
470 502 585 546 pedem
611 502 684 545 quis
710 508 817 545 ponat,
852 513 921 536 cre-

78 631 94 651 ,.
116 606 137 650 ,”
169 620 222 644 res
235 610 372 644 calcare.
391 610 425 643 Id
444 615 611 654 praeterea
630 608 765 652 requirit
781 609 920 651 dignitas

163 662 271 708 ‘ipsius
279 663 427 704 civitatis,
442 674 534 707 quae,
550 668 660 703 nostra
673 663 802 707 propria
811 662 919 702 Sedes,

169 723 268 762 caput
291 718 378 759 orbis
403 723 434 752 et
453 717 620 761 religionis
639 717 764 757 effecta,
781 717 919 760 benigne

169 770 287 817 excipit
309 771 434 816 gremio
461 781 531 812 suo,
550 770 640 815 quasi
661 770 843 804 communis
863 781 919 814 pa-

169 824 243 867 tria,
270 827 382 860 omnes
406 824 550 868 undique
578 823 727 857 nationes
751 834 787 857 cx
812 834 919 857 remo-

151 878 302 918 ,tissimis
329 878 514 922 regionibus
543 883 573 912 et
608 878 732 911 ultimis
757 878 852 911 terris
881 878 941 923 ad

170 941 242 967 eam
261 932 475 967 confluentes.
497 932 531 965 Itl
548 931 687 975 denique
709 931 806 975 exigit
833 943 921 965 com-

830 182 934 207 SN'H'S
956 183 976 207 V
997 183 1045 208 PP.

1601 167 1660 204 791

962 235 1045 268 bata.
1073 234 1206 276 Idcirco,
1225 245 1266 269 ne
1285 234 1358 280 quis
1377 235 1408 269 in
1419 240 1584 279 posterum
1599 234 1711 269 huius-

962 288 1049 322 modi
1062 288 1185 322 sacinus
1196 289 1328 333 impune
1345 289 1524 323 committat
1537 289 1587 323 vel
1606 294 1711 323 atten-

962 349 1029 376 tare
1049 342 1177 381 audeat,
1199 344 1375 387 apostolica
1394 344 1585 378 auctoritate
1595 343 1710 377 statui·
1742 343 1747 347 ’

963 407 1033 429 mus
1050 402 1080 429 ct
1095 396 1281 430 ordinamus
1293 403 1327 430 ut
1341 398 1566 442 coniuges,qui
1577 407 1709 442 quaeve,

961 450 1215 484 indissolubilem
1243 451 1438 485 matrimonii
1464 462 1582 485 nexum
1603 451 1709 485 divina

961 504 1031 547 lege
1056 504 1242 548 copulatum
1271 511 1525 545 contemnentes,
1555 506 1622 539 sine
1652 506 1709 539 Eo-

1726 171 1778 202 Αη.
1787 165 1908 204 ’61586

169 554 246 590 dere
271 556 373 601 possit
401 567 434 590 se
460 556 661 590 venerandos
685 566 798 589 eorum
829 556 918 589 cine·
962 557 1078 591 clesiae
1104 557 1237 597 iudicio,
1266 569 1321 592 seu
1349 559 1557 593 ecclesiastici
1591 559 1710 593 iudicis

962 611 1131 651 sententia,
1154 612 1284 656 propria
1301 612 1491 653 temeritate,
1509 624 1526 646 a
1544 613 1710 647 communi

962 665 1201 699 cohabitatione
1225 666 1440 707 discesserint,
1461 672 1515 700 aut
1537 678 1569 701 se
1594 678 1611 700 a
1631 677 1710 701 con-

963 719 1062 761 iugali
1089 724 1158 753 toro
1179 730 1328 764 separare
1347 722 1634 765 praesumpserint,
1659 731 1710 754 ar-

961 772 1058 806 bitrio
1076 772 1232 814 iudicum,
1247 784 1306 818 pro
1331 784 1520 808 excessuum
1539 776 1706 818 gravitate,

960 827 1149 871 puniantur.

1005 879 1068 923 §3
1096 880 1170 920 Sed,
1201 886 1231 914 et
1251 881 1275 915 si
1301 892 1360 925 per
1383 882 1573 916 sententiam
1594 883 1730 917 iudicis
1740 890 1834 914 »tamus
1850 891 1911 912 tud·-

1701 937 1708 944 .
1725 923 1755 943 cis
1774 923 1909 943 auctoritaie

961 935 1171 968 ecclesiastici
1192 936 1353 979 separatio
1373 936 1456 970 facta
1476 937 1765 981 suerit‚ne1ps1.on
1788 953 1909 979 separato-

169 986 278 1020 munis
294 986 416 1020 utilitas
436 986 577 1020 universi
602 985 717 1030 populi
738 985 917 1025 christiani
940 987 941 1000 ³
960 987 1124 1032 coniuges
1148 999 1314 1022 sacrorum
1341 1000 1502 1023 canonum
1524 995 1554 1024 et
1578 991 1708 1034 publica
1722 984 1914 1037 ξξῇωᾚξξξ-

169 1044 218 1082 ut,
239 1040 406 1074 obstructo
426 1051 481 1074 ore
497 1039 687 1084 impiorum,
707 1039 846 1073 adxenae
863 1051 941 1083 pe·
938 1031 941 1066 i
960 1039 1104 1075 iudicum
1146 1042 1339 1076 auctoritate
1377 1044 1560 1083 abutentes,
1605 1044 1708 1076 delin-
1722 1048 1789 1068 dmm
1802 1021 1910 1066 'flumim-

169 1098 274 1128 tentes
291 1094 358 1128 huc
377 1093 601 1138 disciplinam,
629 1104 734 1126 mores
745 1093 918 1136 ‚regulam
938 1086 941 1110 ¹
960 1095 1081 1139 quendi
1101 1101 1133 1129 et
1152 1096 1310 1129 adulteria
1330 1097 1551 1130 committendi
1563 1097 1707 1130 occasio·
1723 1079 1909 1136 ξξῗῖἓιηζιιῖἶιζῖ-

170 1157 386 1192 normamque
413 1147 551 1187 Vlvendi,
573 1147 750 1192 spiritualis
780 1146 918 1179 aedificii
939 1132 941 1211 ἶ
959 1155 1184 1189 nemsumant,
1197 1149 1369 1183 statuimus
1383 1156 1411 1183 et
1424 1150 1520 1184 decet
1523 1161 1630 1184 mmus
1642 1161 1710 1184 ma-
1723 1142 1855 1192 ξεζῗζῇᾞῗ
1875 1138 1912 1189 ῗὲζ

149 1202 153 1207 ’
170 1211 236 1236 non
245 1201 682 1246 minusquammaterialium
695 1211 829 1245 operum
839 1205 941 1233 stru·
960 1202 1057 1235 ritum
1064 1202 1138 1246 ,qui
1150 1202 1225 1236 dolo
1240 1208 1295 1236 aut
1307 1203 1420 1236 fraude
1436 1203 1500 1237 sive
1518 1204 1579 1237 alia
1594 1203 1707 1247 quavis
1723 1207 1808 1223 ”mm
1823 1201 1910 1251 ''Jfiffi

171 1261 297 1290 cturam
316 1256 529 1297 admirentui,
546 1255 745 1299 urbanisque
765 1245 942 1298 exemplis
961 1255 1129 1289 occasione
1149 1256 1198 1289 vel
1220 1267 1328 1297 causa,
1347 1256 1442 1290 etiarn
1460 1257 1665 1290 secundum
1657 1268 1733 1290 ιιι-
1723 1239 1917 1291 {iiiios-ipram*

170 1310 322 1344 meliores
361 1310 488 1352 effecti,
521 1310 561 1344 ad
599 1321 674 1344 suos
707 1314 919 1343 iexeitantur.
940 1309 1005 1342 ris
1030 1309 1177 1343 canonici
1199 1309 1454 1354 dispositionem,
1472 1310 1709 1355 separationem
1723 1301 1762 1317 '⁰‘

169 1364 310 1400 Proinde
329 1365 370 1399 ad
383 1365 584 1405 servandam,
601 1374 738 1397 invicem
750 1363 835 1397 inter
847 1373 942 1396 con·
940 1393 942 1419 l
961 1363 1022 1396 toii
1052 1362 1091 1396 ab
1115 1374 1216 1397 uxore
1241 1374 1299 1396 sua
1329 1363 1535 1404 affectaverit,
1558 1375 1712 1408 piocura-

171 1417 262 1463 iuges
280 1424 439 1463 perpetua
454 1419 518 1452 fide
535 1425 566 1452 et
581 1418 767 1455 concordia,
788 1417 942 1451 societa-
941 1433 943 1449 l
961 1416 1043 1450 ierit
1062 1423 1091 1450 et
1112 1417 1301 1457 obtinuerit,
1321 1429 1419 1462 seque
1439 1429 1456 1451 a
1474 1418 1712 1452 cohabitatione

172 1476 248 1513 tem,
260 1471 344 1506 etad
354 1472 505 1516 publicae
517 1472 696 1505 honestatis
710 1471 868 1515 pudorem
886 1469 924 1502 il-
941 1456 945 1524 l
963 1470 1071 1503 uxoris
1084 1497 1092 1511 ‚
1137 1481 1211 1504 cum
1250 1470 1365 1504 effectu
1399 1470 1613 1515 separaverit,
1652 1482 1689 1504 ac
1701 1497 1710 1510 ‚

172 1525 269 1560 libate
279 1526 451 1568 tuendum,
464 1525 797 1570 superinsrascriptis
806 1523 922 1567 capiti·
941 1525 945 1549 ¹
963 1530 1035 1569 post
1068 1535 1086 1558 a
1116 1535 1150 1557 se
1187 1524 1345 1557 abiectam
1375 1525 1423 1557 vel
1457 1529 1598 1558 amotam
1632 1534 1712 1557 uxo-

170 1578 234 1614 bus
250 1581 422 1624 praesenti
431 1586 552 1620 nostra,
564 1579 597 1613 in
609 1579 721 1613 eadem
734 1579 819 1612 Urbe
831 1578 922 1611 dum·
941 1566 945 1599 l
963 1589 1044 1618 rem,
1080 1578 1228 1623 pellicem
1242 1579 1290 1611 vel
1309 1578 1526 1612 concubinam
1541 1578 1674 1622 palam
1665 1588 1714 1611 in-

89 1663 96 1669 .
170 1638 259 1668 taxat
271 1639 430 1679 perpetuo
453 1635 603 1675 valitura,
621 1633 850 1667 constitutione
865 1632 925 1665 du·
941 1613 945 1660 l
964 1632 1091 1666 duxerit
1111 1637 1142 1665 et
1157 1638 1304 1665 retinuei
1306 1632 1341 1673 it
1368 1637 1424 1664 aut
1448 1642 1521 1664 cum
1551 1631 1662 1664 scortis
1683 1636 1714 1664 et

96 1686 100 1690 ’
117 1699 130 1714 ·
155 1686 280 1721 'ximus
297 1687 545 1732 providendum.
941 1669 946 1711 l
965 1685 1192 1719 meretricibus
1209 1691 1240 1718 et
1259 1685 1329 1718 aliis
1349 1684 1713 1728 mulieribusimpuram

77 1739 81 1742 ’
99 1746 102 1747 ’
216 1741 234 1786 ξ
257 1740 290 1775 2.
315 1741 582 1786 Primumigitur‚
592 1751 666 1777 cum
680 1739 924 1773 matiimonium
943 1725 1059 1792 :vitam
1076 1738 1204 1772 duxeilt
1215 1737 1361 1780 adeoque
1381 1737 1589 1781 impudenter
1608 1746 1641 1769 se
1659 1746 1713 1768 vo-

22 1805 27 1812 *
125 1793 374 1828 ⁸⁰-individuam
407 1795 490 1828 vitae
526 1794 793 1828 consuetudinem
820 1793 947 1826 conti·
943 1773 1115 1825 lutaxerit
1133 1791 1166 1824 in
1187 1801 1287 1825 coeno
1306 1790 1453 1824 luxuriae
1477 1796 1508 1823 et
1531 1789 1712 1830 adulteriis,

78 1864 134 1915 χω,
121 1858 253 1890 ιιι-ηοω,
275 1848 404 1889 debeat,
436 1849 537 1892 idque
566 1858 631 1882 non
660 1848 764 1881 solum
786 1834 947 1879 naturali¹
944 1872 947 1901 ¹
966 1852 1002 1880 ut
1021 1846 1071 1879 xel
1091 1856 1128 1879 ex
1149 1855 1186 1878 eo
1205 1844 1279 1878 satis
1303 1849 1427 1877 constet
1443 1844 1550 1887 ipsum
1567 1843 1606 1876 ad
1622 1853 1715 1876 exer-

69 1913 79 1920 “
108 1897 258 1946 “mium
277 1901 335 1935 sed
359 1902 457 1935 etiam
486 1902 593 1935 divino
618 1899 820 1933 manifestius
840 1909 927 1932 corn-
967 1899 1101 1932 cendam
1126 1897 1259 1931 liberius
1288 1897 1456 1930 libidinem
1487 1907 1577 1929 suam
1611 1906 1644 1929 se
1675 1895 1715 1929 ab

74 1957 91 1995 '2
105 1953 165 1976 ¹¹⁸¹·
138 1955 345 2008 ¹¹-prohetur,
363 1955 440 1988 dum
453 1955 573 1989 dicitur
581 1955 750 1997 Relinquec
763 1953 856 1986 homo
867 1963 925 1995 pa·
966 1952 1191 1985 honestissimo
1221 1949 1418 1983 matiinionii
1443 1950 1518 1993 iugo
1550 1948 1716 1983 exolvendi

86 1991 137 2052 j.
138 1991 259 2042 *trem
271 2019 364 2042 suum
379 2013 409 2042 et
428 2014 578 2048 matrem,
592 2007 821 2041 ειαάΙιαειεὶηι
834 2007 927 2039 uxori

139 2054 144 2059 ’
176 2066 264 2102 suae,
273 2066 304 2096 et
314 2067 408 2096 evum
419 2062 504 2096 duo
491 2074 527 2095 m
540 2072 728 2099 carneuna·
740 2066 767 2093 et
782 2060 926 2093 Chiistus

135 2114 142 2122 ⁸
177 2115 659 2158 DominusnosterinEvangelio
670 2113 927 2157 subiungatzlta-

178 2179 236 2214 que
250 2169 319 2203 iam
327 2180 399 2207 *non
417 2173 494 2202 sunt
509 2169 570 2202 dno
589 2169 641 2201 sest
658 2179 723 2201 nna
740 2178 826 2207 caro,
846 2168 928 2211 quod

139 2247 146 2254 .
178 2233 251 2267 erqo
259 2222 343 2256 Deus
356 2223 539 2262 covinum,
558 2222 650 2254 homo
669 2232 733 2254 non
749 2225 874 2264 separet
891 2231 927 2254 ac

178 2271 320 2318 denique,
338 2281 472 2308 testetur
499 2275 669 2318 Apostolus
690 2271 926 2307 sacramentuin

178 2328 243 2362 hoc
268 2338 421 2372 magnum
447 2339 516 2362 esse
537 2329 570 2360 in
595 2328 721 2362 Clu-isto
750 2334 781 2360 et
805 2327 837 2360 in
867 2327 928 2360 Ec-

158 2376 288 2412 ·clesia.
320 2377 357 2409 Et
389 2383 560 2420 propterea
588 2377 677 2409 nefas
707 2376 745 2408 sit
774 2376 928 2418 coniuges

180 2424 292 2460 fideles
310 2428 356 2465 se,
378 2426 511 2469 propria
531 2426 694 2458 voluntate
716 2430 769 2457 aut
785 2424 928 2465 arbitrio,

180 2483 200 2507 a
217 2473 380 2517 coniugali
401 2479 470 2506 toro
490 2484 651 2517 separare,
680 2474 740 2506 nisi
767 2485 803 2507 ex
833 2484 929 2507 causa

180 2532 200 2556 a
222 2521 320 2556 sac-ris
344 2521 523 2555 canonibus
547 2522 703 2565 permissa
731 2528 762 2556 ct
790 2522 930 2556 auctori-

181 2575 247 2607 tate.
273 2581 312 2606 ac
335 2570 456 2605 iudicio
475 2570 636 2605 Ecclesiae
657 2571 785 2617 cognita
806 2577 834 2604 ct
855 2581 935 2620 prm

967 2016 1097 2039 causam
1128 2005 1167 2038 de
1197 2004 1355 2037 industria
1387 2002 1591 2046 quaesivisse,
1610 2012 1717 2047 poena

967 2058 1074 2093 ultimi
1094 2057 1248 2103 supplicii
1267 2057 1475 2101 plectendum
1492 2066 1572 2089 esse.

964 2132 971 2143 ι.
1012 2114 1071 2155 ις-ι·
1076 2112 1263 2146 ,Similiter
1282 2121 1426 2148 uxorem,
1438 2120 1532 2152 quae,
1545 2109 1718 2152 instigante
1732 2112 1918 2169 „Rssissii'ffiiis

968 2139 1101 2209 antiquo
1116 2165 1203 2209 pacis
1214 2170 1245 2198 et
1255 2164 1429 2208 pudicitiae
1438 2163 1541 2203 hoste,
1555 2162 1614 2195 suh
1625 2172 1719 2205 prae·
1732 2176 1828 2200 nauem,
1847 2177 1918 2202 impu-

968 2225 1056 2253 tcxtu
1076 2229 1216 2258 morum,
1239 2217 1401 2258 saevitiae,
1423 2216 1543 2250 furoris
1561 2215 1638 2249 v'el
1630 2225 1716 2248 msa-
1731 2207 1920 2259 ξξξζξῑῖᾝξζξῖ

969 2273 1053 2312 niae,
1083 2271 1291 2330 impotentiae
1316 2269 1466 2307 coeundi,
1488 2268 1639 2302 maleficii
1663 2269 1920 2326 ιιιιῑὲὲᾙῐζέξῐιῑᾝῗ

969 2325 1099 2359 alterius
1117 2324 1264 2358 canonici
1284 2323 1506 2367 impedimenti
1521 2323 1569 2356 ιθὶ
1581 2322 1719 2355 alicuius
1732 2331 1800 2358 palam
1809 2337 1848 2359 qa
1838 2333 1920 2352 esuum

970 2374 1077 2407 delicti
1098 2374 1214 2406 marito
1234 2384 1291 2406 suo
1311 2372 1442 2412 obiecti,
1463 2376 1519 2405 aut
1538 2371 1614 2404 alias
1634 2381 1717 2414 quo·
1731 2360 1921 2420 Ρζ“ζ,ζζ”,,,“ἳξ“ξξ,ῗ

970 2423 1134 2466 quomodo
1154 2433 1205 2455 sus
1209 2421 1315 2455 citatis
1342 2426 1453 2454 contra
1478 2420 1631 2453 maritum
1651 2419 1717 2453 dis·
1734 2428 1775 2446 *ιιι

970 2471 1090 2505 cordiis
1110 2481 1147 2504 ac
1171 2470 1321 2510 dissidiis,
1348 2470 1442 2502 etiam
1468 2469 1508 2502 ad
1528 2468 1560 2501 id
1589 2468 1639 2501 via
1667 2468 1718 2501 iu-

970 2521 1013 2554 ris
1030 2519 1246 2564 procedendo,
1264 2518 1501 2562 subterfugium
1517 2516 1719 2551 obedientiae

947 2609 954 2619 ι
971 2568 1128 2604 maritalis
1140 2568 1288 2617 improbe
1302 2566 1502 2613 exquisierit,
1523 2572 1555 2600 et
1572 2566 1719 2601 fraenum
