2059 3228
37 257 77 285 Διὶ
106 249 217 281 &1573

233 309 289 333 ara
301 299 408 333 crucis
424 298 595 338 immolari,
613 305 640 331 «τι
659 299 690 330 111
707 304 911 342 peecatorum
925 308 981 330 no-

231 359 370 386 strorum
384 352 604 385 remissionem
624 351 887 395 pretiosissimum
900 351 980 383 San-

231 404 360 448 guinem
381 415 476 437 suum
499 404 666 437 effundere
681 414 746 437 non
762 402 926 441 dubitavit3
943 414 980 435 ae

854 245 1028 270 annuemus
1052 247 1104 270 xm
1130 247 1174 269 rr.
1687 240 1720 272 :31

1787 251 1825 275 Α11
1850 250 1882 278 Ω.
1902 250 1967 278 1573

1024 308 1149 330 cessere
1174 304 1293 333 nostro,
1314 299 1522 342 approbatam
1544 305 1572 332 et
1598 302 1770 334 confirma-

1000 351 1104 391 ftam,
1135 362 1169 383 ex
1201 362 1282 393 qua,
1315 353 1393 383 sicut
1421 352 1626 396 aeci-pimus,
1658 354 1771 387 uberes

999 407 1002 447 ᾗ
1022 404 1145 436 fructus
1162 410 1386 446 provenerunt,
1405 405 1598 448 specialibus
1613 407 1771 439 favoribus

231 457 262 490 in
280 456 389 491 ultima
405 468 514 495 coena,
531 467 722 501 quaui,cum
735 456 900 499 discipulis
915 456 980 487 suis
999 449 1002 490 i
1022 461 1051 488 et
1075 456 1185 496 gratiis
1209 458 1375 492 exornari,
1398 458 1435 489 ‹].·
1463 458 1690 502 oumipotentis=
1716 460 1767 493 ltoi

230 510 352 544 Pascha
363 511 542 550 celebrans,
555 509 767 549 manducavit,
784 509 903 541 intanti
923 510 978 542 be-

229 563 336 597 neficii
358 564 558 604 memoriam,
571 563 616 596 eis
631 564 763 596 Carnem
781 573 870 594 suam
883 562 915 594 111
933 561 978 595 ci-

229 615 317 656 bum,
334 623 364 650 et
377 617 572 659 Sanguinem
587 627 680 649 suum
694 616 726 648 in
738 620 862 659 potum,
874 615 978 647 divina

228 669 583 714 etincomprebensibili
599 667 974 707 ordinatione,exhibuit,

227 721 358 755 dicens:
385 724 472 756 Ilaec
496 724 747 767 quotiescumque
770 723 922 764 feceritis,
941 724 974 755 in

227 775 291 807 mei
309 777 499 809 memoriam
522 777 660 818 facistis,
691 776 785 813 vices,
813 776 887 808 lieet
916 776 975 808 im-

225 828 345 869 meriti,
376 835 524 872 gerentes
555 830 586 862 in
615 829 719 869 terris,
753 835 783 862 et
816 830 976 874 profunda

225 881 432 915 meditatione
449 883 638 922 recolentes,
652 893 723 915 eam
739 893 807 916 esse
823 882 975 917 huiussa-

225 935 384 967 crosancti
403 935 600 968 Sacramenti
622 936 850 969 sublimitatem
876 943 906 970 et
925 948 976 970 ex-

224 987 420 1028 cellentiam,
442 994 478 1021 ut
496 999 676 1032 numquam
697 989 771 1023 satis
787 991 882 1034 plene
897 991 972 1031 coli,

223 1051 401 1084 numquam
421 1040 529 1084 digne,
548 1052 631 1085 quae
650 1048 760 1076 nostra
773 1049 819 1076 est
831 1044 974 1077 imbecil-

222 1093 306 1134 litas,
327 1093 455 1126 adorari
482 1095 596 1132 valeat,
626 1095 733 1128 facere
757 1097 848 1129 nullo
877 1098 973 1130 modo

220 1156 396 1190 possumus
408 1146 487 1191 quin
499 1147 735 1188 christifideles,
752 1160 833 1192 quos
843 1161 973 1183 omnem

219 1209 352 1243 operam
364 1199 551 1243 impendere
566 1211 761 1244 omnemque
773 1202 972 1246 diligentiam

219 1252 373 1286 adhibere
399 1253 618 1297 conspicimus
640 1260 677 1287 ut
708 1255 825 1288 Christi
850 1256 973 1300 Corpus

217 1305 407 1339 huiusmodi
431 1299 757 1341 honorificentissime
776 1309 810 1341 in
829 1309 974 1343 eeclesiis

220 1359 434 1400 custodiatur,
456 1366 486 1393 et
506 1360 538 1392 in
559 1361 821 1403 processionibus
837 1363 974 1396 deduca-

219 1415 285 1452 tur,
307 1422 346 1445 ac
369 1413 409 1445 ad
437 1412 584 1446 infirmos
612 1413 786 1454 deseratur,
817 1414 936 1458 pieque
955 1427 973 1449 a

219 1464 483 1499 christifidelibus
497 1466 704 1510 suscipiatur,
722 1467 763 1500 ad
778 1468 972 1511 praemisso-

24 1526 51 1564 ᾗ*
218 1527 292 1551 rum
326 1518 500 1552 ferventius
528 1519 735 1560 exercitium,
765 1519 973 1563 indulgentiis

22 1566 55 1610 δὲ
218 1570 369 1604 videlicet
402 1577 433 1605 et
460 1577 668 1616 peccatorum
708 1573 969 1614 remissionibus,

0 1037 35 1216 munz-242..)-
40 997 41 1000 „
24 935 41 976 .-‚2
31 906 35 917 ..
35 883 38 886 Δ

28 1643 47 1672 ³,
159 1670 161 1672 ι
219 1625 334 1658 crebro
344 1624 526 1666 invitemus,
540 1631 576 1658 ut
592 1626 613 1658 ii
627 1637 766 1670 quorum
777 1628 971 1670 guber-nium

25 1678 46 1715 ,3.
111 1670 114 1673 ’
218 1677 312 1712 nobis
331 1684 378 1712 est
397 1679 617 1719 commissum,
638 1680 718 1712 tanti
737 1680 885 1714 beneficii
907 1692 973 1715 me-

30 1730 47 1743 λ

218 1731 356 1764 moriam
381 1731 564 1775 saepissime
589 1732 785 1772 recolentes,
812 1733 898 1766 illius
923 1734 972 1766 in-

218 1783 357 1818 stitutori
369 1785 486 1828 gratias
499 1785 632 1818 sinceris
647 1792 776 1829 agentes
792 1786 971 1827 affectibus,

218 1837 307 1880 quod
322 1848 359 1870 ex
375 1847 408 1871 se
428 1837 505 1881 ipsis
524 1838 643 1871 babere
664 1849 729 1871 non
749 1845 894 1882 possunt,
915 1851 974 1883 per

218 1888 407 1922 huiusmodi
420 1889 570 1922 exercitia
582 1890 707 1923 facilius
718 1898 970 1934 consequantur;

220 1942 261 1975 ad
276 1943 362 1985 quod
380 1943 599 1986 peragendum
621 1944 717 1976 etiam
733 1944 892 1988 nosipsos
907 1956 974 1979 ma-

220 1994 269 2038 gis
290 1995 412 2036 incitat,
431 1996 508 2028 dum
527 1996 734 2039 agnoscimus
759 1998 819 2030 hac
848 1999 972 2032 ratione

222 2054 404 2091 permotum
428 2049 532 2083 felicis
550 2050 784 2083 recordationis
806 2051 972 2085 Urbanum

221 2100 341 2144 Papam
351 2108 513 2146 quartum,
525 2104 806 2147 praedecessorem
817 2110 973 2146 nostrum,

224 2155 414 2188 sanctissimi
423 2156 765 2200 Corporishuiusiumli
775 2157 972 2191 festivitatem

225 2205 388 2248 indixisse,
410 2214 441 2241 et
458 2210 498 2242 ad
522 2210 608 2242 illius
628 2210 878 2243 celebrationem
907 2222 976 2244 eos-

226 2259 298 2292 dem
314 2260 824 2306 christifidelesindulgentiarum
845 2274 976 2297 conces-

225 2312 315 2346 sione
338 2312 497 2347 invitasse.

50 2396 54 2397 ⁷
269 2367 285 2409 g
304 2365 334 2398 ⁶2.
357 2365 528 2410 Cupientes
546 2366 653 2410 itaque
673 2368 757 2411 piam
782 2369 974 2402 christifide-

58 2429 212 2456 tna-tgenum
227 2414 303 2447 lium
333 2415 645 2455 confraternitatem,
679 2417 738 2449 sub
773 2416 975 2450 invocatione

34 2459 369 2516 'ifzfflssss‘gffeiusdem
389 2463 539 2506 Corporis
555 2463 680 2503 Christi,
705 2465 737 2496 in
757 2465 892 2498 eeclesia
916 2465 974 2498 do—

37 2522 214 2555 quumneedu,
227 2521 299 2544 mus
321 2511 356 2544 B.
384 2510 497 2544 Mariae
518 2522 615 2554 supra
634 2512 820 2553 Minervam,
848 2513 975 2546 Ordinis

225 2559 498 2599 Praedicatorum,
519 2560 578 2592 rite
599 2560 784 2600 institutam,
804 2566 834 2593 et
857 2572 874 2594 a
904 2561 974 2604 piae

228 2609 402 2644 memoriae
423 2609 520 2642 Paulo
541 2608 623 2652 Papa
644 2608 694 2649 lll,
716 2609 810 2642 ctiam
839 2610 973 2652 praede-

1020 509 1243 543 misericordia
1267 522 1302 542 ar
1330 511 1495 543 beatorum
1517 512 1599 544 l'etri
1626 517 1652 543 et
1682 513 1767 545 l'auli

1019 564 1238 606 apostolorum
1256 563 1326 597 eius
1345 565 1533 597 auctoritate
1554 566 1677 603 contisi,
1698 578 1767 598 om-

1018 615 1114 648 nibus
1139 621 1166 648 et
1199 616 1334 659 singulis
1360 617 1530 661 utriusque.
1559 630 1652 651 sexus
1679 619 1765 651 cbri-

1018 668 1208 701 stitidelibus
1219 669 1336 702 dictam
1345 670 1637 704 confraternitatem
1648 671 1768 705 intran-

1018 721 1103 753 tibus
1117 748 1124 761 ,
1146 722 1201 765 qui
1221 728 1366 766 tempore
1386 722 1549 765 ingressus
1569 724 1618 755 sui
1632 751 1639 763 ,
1669 736 1705 757 ac
1730 724 1767 757 iis

1018 786 1056 806 ex
1075 775 1302 811 confratribus,
1320 775 1374 817 qui
1397 775 1428 807 in
1450 775 1499 807 die
1521 777 1599 807 festo
1615 777 1766 821 Corporis·

1017 827 1132 860 Christi
1149 834 1203 860 aut
1223 828 1293 860 eius
1306 834 1448 867 octavae,
1464 839 1536 860 vere
1551 830 1762 872 poenitentes,

1018 886 1147 923 peccata
1163 892 1219 913 sua
1235 881 1370 914 confessi
1384 881 1513 921 fuerint,
1532 888 1561 914 et
1578 884 1765 915 Sacramen-

1017 939 1084 965 tum
1110 933 1295 966 huiusmodi
1320 935 1535 977 sumpserint,
1558 940 1588 967 et
1616 935 1764 968 similiter

1016 987 1135 1019 eisdem
1156 987 1383 1023 confratribus,
1405 987 1499 1019 etiam
1525 988 1764 1031 poenitentibus

1016 1045 1045 1073 et
1065 1040 1234 1080 confessis,
1256 1040 1288 1073 in
1313 1041 1457 1084 ipsorum
1479 1041 1590 1074 mortis
1615 1042 1762 1081 articulo,

1015 1093 1193 1136 plenariam
1218 1094 1363 1126 omnium
1394 1100 1603 1138 peccatorum
1629 1106 1761 1127 suorum

1014 1145 1247 1189 indulgentiam
1263 1153 1293 1180 et
1307 1147 1531 1180 remissionem
1547 1147 1762 1180 misericordi-

1014 1205 1063 1232 ter
1082 1199 1114 1231 in
1133 1200 1268 1232 Domino
1285 1200 1493 1233 concedimus
1509 1206 1539 1234 et
1554 1202 1740 1244 elargimur.

1058 1252 1110 1295 §3
1121 1253 1289 1286 Praeterea
1297 1253 1416 1286 eisdem
1425 1254 1638 1287 confratribus
1647 1255 1762 1287 utrius·
1802 1271 1885 1293 Mm„
1901 1273 1957 1294 mm.

1014 1316 1077 1348 que
1117 1316 1221 1347 sexus,
1258 1311 1345 1339 extra
1380 1307 1498 1339 Urbem
1530 1307 1759 1347 existentibus,
1776 1305 1888 1352 {¹,‘‡‘'⁰⁰¹¹¹‘¹
1919 1300 1959 1324 [¹²

1013 1359 1069 1402 qui
1089 1359 1122 1392 in
1142 1360 1266 1399 diebus,
1288 1359 1320 1391 in
1350 1359 1468 1403 quibus
1487 1360 1639 1393 stationes
1659 1360 1691 1392 in
1714 1372 1763 1393 ee·
1811 1349 1816 1358 ’

1014 1412 1119 1445 clesiis
1137 1413 1171 1444 in
1190 1413 1274 1445 Urbe
1296 1418 1327 1445 et
1344 1418 1430 1445 extra
1452 1413 1539 1446 illam
1558 1412 1764 1446 existentibus

1013 1465 1184 1505 habentur,
1203 1466 1301 1498 altare
1317 1476 1372 1499 seu
1388 1467 1508 1506 locum,
1531 1466 1562 1499 in
1578 1477 1642 1509 quo
1654 1467 1764 1500 Sacra-

1014 1524 1159 1551 mentum
1187 1519 1377 1559 custoditur,
1399 1519 1607 1559 visitaverint,
1635 1525 1665 1552 et
1694 1531 1762 1563 sep-

1013 1571 1072 1604 ties
1100 1571 1284 1605 Orationem
1304 1572 1503 1605 Dominieam
1531 1578 1559 1605 et
1593 1573 1762 1606 Salutatio-

1013 1635 1086 1657 nem
1102 1625 1285 1667 Angelicam
1302 1626 1485 1665 recitantes,
1501 1637 1559 1669 pro
1573 1627 1762 1659 exaltatione

1013 1677 1087 1710 fidei
1108 1678 1283 1711 catholicae
1304 1684 1334 1712 et
1355 1679 1566 1722 extirpatione
1591 1680 1760 1712 haeresum

1014 1736 1044 1763 et
1063 1730 1242 1764 infidelium
1258 1732 1430 1771 oraverint,
1450 1732 1577 1765 easdem
1598 1732 1762 1774 imlulg·;=11-

1014 1784 1082 1824 tias,
1103 1795 1183 1827 quas
1203 1790 1480 1827 consequerentur
1499 1786 1524 1816 si
1547 1796 1583 1817 ea
1602 1785 1652 1817 dic
1674 1785 1759 1817 illam

1014 1838 1182 1871 eeclesiam
1204 1838 1234 1870 in
1251 1838 1333 1871 Urbe
1351 1844 1380 1871 et
1397 1844 1483 1871 extra
1499 1850 1568 1871 eam
1584 1839 1759 1878 visitarent,

1015 1891 1046 1923 in
1071 1902 1133 1934 qua
1159 1891 1226 1934 ipsa
1246 1891 1337 1924 statio
1362 1892 1513 1925 habetur:
1545 1891 1674 1935 iususwr
1703 1892 1762 1924 eis-

1014 1945 1086 1977 dem
1116 1944 1329 1977 eonfratrilms
1353 1945 1537 1977 huiusmodi
1573 1945 1671 1976 altarer

1014 1998 1121 2030 locum
1142 1997 1353 2036 visitantibus,
1372 2003 1401 2029 et
1418 2003 1452 2029 ut
1467 2009 1561 2040 supra
1583 1998 1759 2034 orantibus,

1015 2056 1100 2083 sexta
1123 2061 1250 2093 quaque
1274 2051 1364 2087 feria,
1387 2055 1514 2082 centum
1536 2050 1614 2089 dies,
1636 2051 1761 2093 singula

1015 2114 1088 2135 vero
1109 2103 1159 2135 die
1181 2104 1211 2135 in
1227 2104 1332 2136 Coena
1347 2102 1471 2135 Domini
1493 2103 1612 2135 eisdem
1634 2104 1760 2136 confra-

1016 2156 1119 2188 tribus
1142 2167 1215 2188 vere
1231 2155 1469 2199 poenitentilms
1489 2161 1517 2187 et
1539 2156 1691 2188 confessis
1711 2168 1759 2188 se-

1016 2215 1102 2252 ptem
1122 2220 1223 2241 annos
1239 2215 1267 2241 et
1290 2208 1419 2240 totidem
1438 2208 1670 2251 quadragenas

1059 2264 1073 2305 g
1094 2262 1124 2294 st.
1139 2262 1270 2296 Rursus,
1283 2261 1400 2293 eisdem
1418 2261 1631 2293 confratribus
1645 2262 1700 2305 qui
1721 2263 1758 2294 atl

1016 2315 1114 2347 altare
1135 2314 1234 2357 ipsius
1259 2314 1289 2345 111
1321 2313 1410 2345 tertia
1436 2314 1596 2346 dominica
1627 2315 1759 2348 cuiusli-

1015 2368 1066 2400 bet
1093 2367 1222 2401 mensis.
1253 2372 1280 2398 et
1311 2367 1340 2397 in
1363 2367 1441 2398 feria
1465 2367 1575 2409 quinta
1602 2368 1633 2400 in
1655 2368 1759 2400 Coena

1016 2415 1151 2453 Domini,
1163 2415 1393 2446 Eucharistiam
1410 2414 1460 2458 pie
1477 2417 1688 2460 susceperint,
1707 2417 1761 2449 dc-

1017 2476 1085 2498 eem
1107 2475 1207 2496 annos
1227 2469 1253 2495 et
1273 2463 1403 2495 totidem
1423 2465 1654 2507 quadragenas:
1677 2466 1759 2497 ulte-

1017 2514 1094 2550 rius,
1117 2519 1179 2544 tam
1210 2511 1285 2555 ipsis·
1322 2511 1535 2544 confratribus
1564 2524 1659 2556 quam
1690 2513 1759 2545 aliis

1017 2561 1278 2594 clu-istitidelilms
1307 2560 1472 2602 utriusque
1498 2571 1600 2599 sexus,
1629 2562 1705 2593 dum
1720 2563 1759 2594 ad

1016 2616 1162 2653 aegrotos
1193 2609 1352 2649 defertur,
1382 2610 1634 2649 associantibus,
1663 2616 1690 2643 et
1723 2611 1758 2642 iis

1706 1956 1759 1977 set!

1801 2282 1956 2310 Nummum-1111:

1775 2314 1825 2333 alias
1849 2315 1957 2339 indulgen-

1776 2348 1814 2363 tia<
1829 2352 1865 2370 pro
1877 2346 1914 2371 pii:
1931 2353 1956 2365 ιι-

1776 2377 1868 2400 peritius.
