2059 3228
784 235 960 261 cancomus
979 236 1033 260 xm
1054 236 1101 259 ιη’.
1621 217 1685 255 363

195 298 227 328 et
245 291 414 338 capitulari
430 292 548 326 mensis
557 290 744 336 respective,
762 290 940 339 etiamper-
981 292 1049 320 tum
1075 297 1134 331 pro
1154 287 1432 333 archipresbytero
1445 288 1521 322 olim
1533 286 1730 328 civitatensi,

193 352 302 390 petuo,
319 346 560 390 applicarentur
583 351 614 379 et
637 344 937 389 appropriarentur,
981 340 1037 384 qui
1058 340 1151 373 tertia
1171 346 1201 373 et
1220 342 1332 374 ultima
1352 342 1521 385 dignitates
1542 341 1642 374 inhibi
1663 340 1730 374 exi-

192 398 267 432 inde
286 399 429 444 profecto
454 399 530 432 cleri
557 405 587 432 ct
610 398 722 443 populi
742 398 840 433 salus,
863 407 937 430 curn

191 452 345 487 ecciesiae
356 452 490 486 Sanctae
500 453 616 485 Mariae
628 451 764 496 Virginis
778 462 816 485 ac
826 450 936 495 oppidi

190 505 432 549 praedictorum
453 506 580 547 decore,
601 506 696 549 longe
711 506 812 548 magis
823 515 936 549 prove-

191 557 284 592 niret.

182 641 185 645 .
233 611 297 656 §2-
320 612 505 646 Praemissis
524 613 632 657 itaque
653 618 684 646 et
698 611 768 656 οὓς
796 612 938 645 rationa-

42 678 124 703 nouo
137 685 175 702 ο..
189 663 307 699 bilibus
326 666 431 699 causis
450 666 592 706 adducti,
619 665 728 699 habita
759 677 857 710 super
886 667 934 699 his

35 710 175 764 ‘'⁸¹¹¹..⁵,⁸,=;
188 728 263 751 cum
282 719 520 753 venerabilibus
540 719 692 752 fratribus
715 719 832 752 nostris
856 719 935 752 deli-

36 771 69 826 ff?
84 771 106 794 ⁸·
131 772 174 795 ⁵⁶·
186 770 352 806 beratione
373 778 511 813 matura,
533 773 573 805 de
594 772 723 805 illorum
744 773 879 806 consilio
904 779 935 806 et

186 833 317 858 assensu
337 836 374 859 ac
393 825 587 870 apoetolieae
608 825 772 869 potestatis
791 826 932 869 plenitu-

185 877 273 919 dine,
291 879 323 912 in
339 879 423 913 dicta
442 879 577 912 ecclesia
597 878 779 912 Civitatensi
799 890 930 919 nomen,

184 930 315 965 titulum
343 938 375 966 et
406 932 701 966 denominationem
738 933 933 966 cathedralis

184 985 348 1026 ecclesiae,
377 987 553 1030 apostolica
583 987 788 1027 auctoritate,
820 993 931 1020 tenore

183 1039 414 1082 praesentium,
440 1045 598 1083 perpetuo
629 1040 861 1084 supprimimus
901 1046 931 1073 et

182 1090 416 1134 extinguimus;
451 1092 750 1126 archidiaconatum
787 1103 862 1126 vero
901 1099 931 1126 et

51 1135 77 1191 ¹3
181 1144 530 1190 archipresbyteratum
565 1156 756 1189 suppressae
776 1146 930 1180 ecclesiae

182 1197 369 1233 huiusmodi
398 1199 438 1232 ad
467 1199 586 1233 dictam
620 1200 806 1243 erigendam
828 1201 930 1234 eccle-

181 1251 262 1284 siam
285 1252 526 1293 transserimus3
556 1263 683 1286 necnon
714 1254 871 1298 oppidum
897 1254 929 1287 in

181 1304 342 1338 civitatem
379 1305 486 1339 Sancti
530 1306 636 1340 Severi
661 1308 912 1351 nuncupandam
919 1319 926 1348 ;

181 1368 218 1390 ac
237 1359 406 1392 ecclesiam
427 1359 541 1393 Beatae
561 1360 676 1394 Mariae
693 1360 881 1394 huiusmodi
896 1362 929 1394 in

56 1406 64 1423 ‘
181 1411 398 1446 cathedralem
422 1413 603 1453 ecclesiam,
637 1413 696 1446 suh
725 1413 928 1448 invocatione

45 1457 72 1497 ’7
181 1464 325 1498 eiusdem
344 1465 478 1499 Sanctae
498 1466 626 1507 Mariae,
647 1477 706 1510 pro
723 1477 788 1500 uno
805 1479 929 1512 episco-

181 1528 223 1561 po
236 1517 343 1552 Sancti
357 1518 464 1553 Severi
481 1521 715 1564 nuncupando,
741 1522 797 1564 qui
822 1522 927 1555 eidem

182 1572 356 1606 cathedrali
375 1573 531 1607 ecclesiae
552 1574 681 1618 praesit,
703 1573 854 1618 illiusque
873 1585 927 1608 ae-

181 1624 289 1658 dificia
311 1626 443 1670 ampliet
465 1632 497 1660 ct
519 1627 559 1660 ad
578 1628 715 1660 formam
735 1629 928 1662 cathedralis

60 1691 71 1711 ι
181 1679 335 1714 ccclesiae
353 1681 489 1725 redigat,
511 1680 727 1724 episcopalem
747 1686 778 1714 et
797 1682 929 1715 canoni-

59 1737 71 1780 ‘1
181 1733 267 1766 cales
284 1734 398 1767 domos
416 1733 561 1768 construi
581 1745 618 1767 ac
637 1734 799 1767 aedificari
817 1735 924 1775 saciat,

181 1787 467 1832 omnimodamque
500 1788 532 1820 in
561 1787 684 1820 clerum
711 1793 742 1821 et
767 1789 926 1832 populum

181 1841 383 1885 praedictum
415 1841 672 1874 iurisdictionem
711 1841 925 1885 episcopalem

181 1899 338 1934 exerceat,
358 1905 484 1927 necnon
508 1894 653 1927 omnium
675 1899 705 1927 et
725 1895 926 1938 singulorum

181 1946 413 1980 beneficiorum
432 1947 722 1981 ecclesiasticorum
750 1948 782 1980 in
803 1948 926 1982 civitate

182 1999 288 2033 Sancti
308 2000 415 2034 Severi
433 2011 471 2034 ac
490 2001 571 2033 infra
587 2001 777 2044 assignanda
787 2001 925 2035 dioecesi

61 2058 64 2071 ¹
182 2063 241 2098 pro
280 2059 426 2098 tempore
461 2054 644 2087 vacantium
669 2054 924 2097 dispositionem,

64 2099 76 2113 ⁷
182 2107 347 2141 ordinario
366 2107 450 2147 iure,
472 2107 622 2151 aliaque·
635 2108 761 2147 omnia,
784 2119 867 2151 quae
887 2110 927 2141 ad

80 2199 82 2203 y
181 2171 301 2195 munus
319 2161 502 2206 episcopale
527 2162 701 2206 pertinent,
728 2162 861 2202 habeat;
892 2174 928 2196 ac

64 2207 79 2261 ᾗ
181 2214 425 2258 archiepiscopo
445 2215 666 2249 Beneventano
680 2216 749 2248 iure
765 2221 928 2260 metropo-

71 2270 74 2275 '
181 2267 270 2301 iitico
294 2267 406 2309 subsit3
432 2279 559 2302 necnon
575 2269 606 2302 in
625 2269 734 2302 eadem
754 2269 928 2302 cathedrali

183 2320 319 2354 ecclesia
336 2331 439 2354 unum
459 2322 767 2363 archidiaconatum,
781 2323 836 2365 qui
850 2323 929 2355 inibi

182 2380 256 2419 post
274 2374 493 2418 pontificalem
513 2376 633 2417 maior,
648 2382 677 2409 et
697 2386 756 2419 pro
769 2376 929 2409 archidia-

183 2437 266 2466 cono
286 2427 363 2460 olim
376 2427 571 2467 Civitatcnsi3
590 2435 620 2462 et
640 2439 742 2461 unum
761 2428 930 2472 archipre-

436 2675 449 2693 k

957 397 962 407 ¹
980 399 1114 432 stant;ct
1137 394 1308 428 duodecim
1329 396 1539 429 canonicatus
1554 400 1585 428 et
1598 394 1730 428 totidem

980 447 1182 491 praebendas
1196 473 1204 487 ‚
1247 459 1307 491 pro
1350 450 1522 483 duodecim
1565 448 1730 483 canonicis

979 500 1217 542 praebendalis,
1244 501 1298 544 qui
1319 512 1429 535 onmes
1452 503 1581 535 insimul
1601 503 1730 546 capitu-

979 555 1047 588 lum
1067 554 1170 587 dictae
1195 555 1387 588 cathedralis
1425 556 1578 589 ecclesiae
1608 555 1729 589 consti-

978 613 1082 647 tuant;
1104 617 1233 641 necnon
1254 608 1318 641 duo
1340 614 1495 652 perpetua
1513 609 1671 653 simplicia
1698 614 1729 642 et

978 662 1181 705 personalem
1204 660 1406 693 residentiam
1421 662 1619 705 requirentia
1630 662 1729 696 bene-

977 715 1050 747 ficia
1060 714 1288 753 ecclesiastica,
1299 714 1489 748 beneficiata
1498 716 1726 760 nuncupanda,

976 778 1036 812 pro
1062 768 1191 801 duobus
1211 768 1349 807 clericis,
1376 768 1574 802 beneficiatis
1600 780 1727 803 nuncu-

977 822 1103 866 pandis.

1020 877 1034 919 ξ
1049 874 1081 908 3.
1103 874 1272 908 Praeterea
1288 875 1321 908 in
1337 885 1374 908 ea
1393 875 1608 920 episcopalem
1622 877 1725 920 digni-

975 934 1086 969 tatem,
1109 939 1183 962 cum
1193 929 1282 968 sede,
1305 930 1572 973 praeeminentiis,
1591 931 1723 964 honori-

973 983 1045 1022 bus,
1087 982 1262 1025 privilegiis
1292 987 1323 1015 et
1350 982 1571 1022 facultatibus,
1607 983 1724 1027 quibus

973 1035 1054 1069 aliae
1062 1035 1263 1069 cathedrales
1279 1035 1435 1068 ecclesiae
1446 1035 1485 1069 de
1498 1036 1567 1069 iure
1587 1037 1723 1070 velcon-

973 1089 1143 1123 suetudine
1176 1094 1231 1122 aut
1255 1089 1331 1122 alias
1359 1090 1604 1133 quomodolibet
1624 1097 1721 1123 utun-

971 1149 1034 1183 tur,
1061 1143 1232 1186 potiuntur
1251 1147 1281 1176 et
1307 1143 1458 1186 gaudent,
1483 1154 1519 1176 ac
1538 1143 1597 1185 uti,
1625 1144 1720 1188 potiri

971 1202 1003 1229 et
1016 1196 1156 1239 gaudere
1182 1201 1335 1239 poterunt
1352 1196 1596 1240 quomodolibet
1620 1197 1652 1230 in
1671 1198 1720 1230 fu-

970 1256 1093 1291 turum,
1122 1260 1250 1283 necnon
1285 1250 1460 1294 episcopali
1492 1256 1522 1284 et
1550 1250 1717 1294 capitulari

970 1304 1090 1337 mensis
1118 1304 1253 1347 aliisque
1288 1304 1527 1337 cathedralibus
1559 1304 1714 1347 insigniis,

969 1358 1009 1392 ad
1018 1357 1307 1402 omnipotentisDei
1322 1357 1530 1401 eiusdemque
1545 1358 1579 1390 B.
1601 1358 1717 1391 Mariae

970 1412 1110 1452 laudem,
1132 1412 1295 1454 totiusque
1309 1410 1538 1455 triumphantis
1563 1411 1716 1445 ecclesiae

969 1465 1116 1508 gloriam,
1136 1471 1168 1498 et
1184 1464 1258 1497 fidei
1280 1464 1456 1497 catholicae
1478 1465 1713 1504 exaltationem,

969 1519 1158 1552 auctoritate
1177 1524 1208 1550 et
1228 1525 1338 1551 tenore
1355 1517 1536 1561 praedictis,
1559 1524 1715 1562 perpetuo

969 1572 1122 1615 erigimus
1155 1579 1187 1605 et
1224 1571 1423 1605 instituimus
1441 1583 1448 1611 3
1489 1582 1525 1605 ac
1560 1572 1714 1616 oppidum

969 1626 1076 1659 Sancti
1096 1624 1370 1665 Severi‚civiiatis‚
1397 1631 1427 1658 ct
1447 1625 1615 1658 ecclesiam
1636 1626 1713 1659 Bea-

969 1686 1017 1712 tae
1025 1679 1153 1720 Mariae,
1163 1679 1367 1718 cathedralis,
1381 1689 1506 1712 necnon
1520 1679 1714 1713 habitatores

969 1739 999 1766 et
1018 1733 1138 1766 incolas
1157 1732 1356 1773 huiusmodi,
1393 1732 1509 1765 civium
1533 1733 1664 1766 nomine
1683 1739 1713 1766 et

969 1789 1091 1820 honore
1111 1787 1315 1820 decoramus.

1011 1843 1026 1885 g
1048 1842 1080 1874 4.
1103 1841 1253 1881 Ulterius,
1283 1841 1387 1874 dictae
1408 1847 1532 1875 erectae
1557 1842 1711 1875 ccclesiae

968 1895 1123 1938 oppidum
1145 1895 1252 1928 Sancti
1273 1894 1391 1934 Severi,
1404 1905 1461 1938 pro
1482 1894 1710 1935 civitatemec-

1726 1890 1832 1910 dioecesis

1726 1921 1843 1941 reddituum
1868 1926 1907 1947 pro

1744 227 1799 255 An.
1811 225 1842 255 C.
1857 227 1928 255 1580

1790 890 1921 920 Epist-opali·

1737 921 1844 948 diguitatis
1885 923 1921 944 in-

1736 953 1826 974 stitutio.

1786 1858 1909 1885 Designatio

1883 1892 1906 1910 et.

968 1959 1033 1981 non
1061 1948 1139 1981 olim
1173 1948 1330 1981 civitatem
1352 1947 1570 1981 Civitatensem
1592 1954 1712 1982 totum·
1727 1952 1806 1972 mensis
1821 1952 1908 1979 episco-

1726 1982 1768 2009 pali
1802 1985 1823 2003 et
1849 1981 1908 2009 capi-

968 2013 1029 2045 que
1047 2002 1132 2034 illius
1148 2001 1359 2041 territorium,
1373 2001 1502 2044 oppida,
1524 2007 1636 2039 terras,
1658 2002 1796 2035 vil-tunm.

969 2055 1209 2094 lasetalialoca,
1227 2055 1303 2087 olim
1326 2054 1358 2086 in
1378 2054 1516 2087 dioecesi
1533 2048 1712 2088 Civitatensi

968 2109 1144 2147 existentia,
1172 2118 1209 2140 ac
1241 2107 1336 2140 etiam
1358 2108 1464 2139 locum
1485 2107 1596 2140 Turris
1615 2108 1713 2142 Maio-

969 2162 1022 2201 ris,
1062 2162 1184 2193 nullius
1219 2159 1385 2199 dioecesis,
1416 2160 1622 2204 eiusdemque
1651 2162 1714 2195 loci

968 2215 1078 2247 'furris
1104 2214 1230 2246 Itlaioris
1261 2219 1288 2246 ct
1315 2213 1448 2245 civitatis
1479 2213 1585 2246 Sancti
1606 2214 1712 2248 Severi

969 2268 1130 2301 territoria
1149 2275 1177 2300 et
1199 2268 1373 2303 districtus,
1396 2277 1454 2309 pro
1464 2267 1602 2300 dioecesi
1617 2279 1624 2307 3
1638 2279 1713 2302 nec-

970 2331 1034 2353 non
1054 2321 1283 2354 ecclesiasticas
1302 2330 1361 2363 pro
1387 2320 1473 2353 clero
1486 2347 1494 2361 ,
1517 2326 1547 2355 et
1570 2322 1714 2355 saecula-

971 2385 1020 2407 res
1039 2384 1192 2418 personas
1212 2374 1244 2405 in
1273 2373 1397 2405 civitate
1428 2372 1532 2406 Sancti
1557 2374 1664 2407 Severi
1684 2381 1716 2408 et

972 2430 1042 2459 loco
1062 2427 1172 2459 Turris
1191 2426 1317 2458 Maioris
1336 2426 1569 2460 huiusmodiac
1588 2428 1716 2461 territo-

184 2475 394 2521 sbyteratum,
415 2486 474 2520 pro
498 2477 789 2521 archipresbytero,
811 2477 867 2520 qui
898 2477 931 2509 in
949 2495 953 2517 t
972 2475 1038 2515 riis,
1068 2475 1205 2518 oppidis,
1241 2473 1343 2513 terris,
1378 2474 1460 2506 villis
1479 2481 1511 2507 et
1529 2475 1600 2508 aliis
1638 2476 1717 2509 locis

184 2531 291 2560 crecta
310 2525 446 2559 ecclesia
469 2525 655 2558 huiusmodi
675 2525 855 2558 animarum
877 2536 932 2558 cu-

185 2583 255 2607 ram
270 2574 429 2608 hactenus
448 2573 591 2607 exercuit
601 2579 630 2607 et
642 2573 674 2606 in
689 2574 832 2606 futurum
841 2583 931 2606 exer-

187 2622 284 2665 cebit,
306 2623 363 2668 qui
382 2623 544 2684 secundm
565 2633 602 2656 ac
616 2632 717 2655 unum
733 2621 932 2666 primiceria-

972 2523 1144 2566 praedictis
1163 2522 1351 2562 habitantes,
1372 2533 1431 2566 pro
1449 2524 1582 2567 populo,
1605 2531 1716 2557 aucto-

973 2573 1064 2605 ritate
1073 2580 1100 2605 et
1111 2580 1221 2605 tenore
1234 2572 1716 2618 praemissis,pariterperpetuo

973 2622 1181 2655 concedimus
1199 2627 1228 2654 et
1249 2621 1467 2665 assignamus;
1487 2633 1525 2657 ac
1544 2623 1713 2663 civitatem,
