2059 3228
107 231 159 260 An.
177 233 206 261 C.
220 234 286 263 1587

347 226 410 261 022

893 234 1072 261 BULLARWM
1091 237 1155 261 nott
1162 237 1241 262 tNt'M

304 291 515 324 troducantur
532 301 656 324 errores
679 292 726 324 vot
753 292 884 332 abusus,
913 293 1047 325 arbitrio
1091 293 1240 327 minalem
1262 293 1371 329 curiae
1398 296 1556 338 generalis
1575 297 1608 332 in
1628 299 1831 333 absolutoriis

302 344 457 387 praesidis
476 345 625 377 volumus
645 356 712 377 csse
734 345 902 385 tributum,
930 352 964 378 ut
992 346 1047 379 de-

301 397 452 430 terminet
469 402 501 430 et
525 397 664 430 declaret
694 398 765 442 quis
793 398 833 431 sit
870 405 923 431 aut
951 400 1048 433 suerit

300 450 430 491 abusus,
471 461 562 484 error
576 478 583 492 ‚
618 452 805 496 corruptela
837 453 885 485 vel
924 453 1047 496 aliquid

300 509 413 536 contra
432 509 573 537 mentem
592 505 764 548 Magalotti‚
786 505 879 539 cuius
894 506 1046 540 determi-

298 556 419 589 nationi
438 568 550 590 omnes
573 563 745 591 teneantur
760 559 966 602 acquiescere
986 561 1046 594 sub

297 620 401 653 poena
420 610 554 645 arbitrio
574 612 729 655 praesidis
747 612 956 657 imponenda.

450 717 496 751 De
520 720 623 752 causis
651 720 888 754 criminalibus.
936 712 939 713 ⁷

338 794 382 827 Ex
401 800 509 827 mente
537 795 698 838 Magalotti
724 797 818 830 etiam
839 797 918 830 alias
947 798 1044 831 fuisse

293 847 497 880 observatum
517 848 714 893 accepimus,
737 850 762 882 si
781 850 813 883 in
835 861 897 884 una
914 851 1043 884 eadem-

294 910 357 943 que
377 901 535 934 sententia
559 902 669 945 plures
693 913 851 946 personae
875 904 959 937 ultra
986 916 1044 938 nu-

293 951 420 986 merum
446 954 545 987 trium
576 955 830 998 absolverentur,
861 958 1043 991 auditorem

293 1006 495 1040 criminalem
516 1008 626 1041 curiae
643 1010 814 1051 generalis,
839 1011 972 1055 eiusque
982 1022 1042 1045 no-

292 1058 411 1092 tarium
439 1070 495 1093 seu
530 1062 759 1095 cancellarium
780 1064 953 1108 aliquando
967 1076 1043 1098 con-

291 1112 431 1146 suevisse
456 1115 617 1157 sportulas
642 1116 790 1160 accipere
818 1117 858 1150 ad
883 1118 1041 1152 rationem

291 1176 422 1199 reorum
444 1173 473 1200 et
491 1178 664 1201 numerum
685 1170 907 1204 absolutorum
929 1172 983 1215 qui
1006 1183 1040 1205 e-

290 1225 362 1252 rant
386 1219 542 1263 inquisiti.
565 1222 783 1268 Ve1*un]‚quia
799 1231 912 1258 contra
934 1226 1039 1269 Maga-

288 1273 359 1306 lotti
380 1280 521 1307 mentem
543 1276 760 1319 contingebat,
778 1279 956 1313 etnimium
972 1291 1039 1314 esse

289 1327 506 1369 cognoscitur,
523 1340 596 1362 cum
607 1330 770 1364 eveniebat
790 1333 900 1376 plures
919 1345 956 1367 ac
970 1335 1039 1377 plu-

288 1390 340 1412 res
365 1380 461 1413 etiam
482 1382 520 1415 de
541 1393 606 1415 uno
634 1384 814 1428 eodemque
832 1386 949 1420 delicto
970 1398 1038 1421 esse

287 1440 456 1467 accusatos
484 1436 533 1468 vel
561 1436 743 1479 inquisitos,
766 1439 860 1471 etiam
882 1441 921 1473 ad
942 1441 1038 1474 ratio-

286 1496 360 1519 nem
397 1488 595 1531 praedictam
633 1491 807 1525 excessivas
845 1493 940 1527 fuisse
977 1495 1037 1527 ali-

286 1540 416 1582 quando
437 1548 562 1575 exactas
582 1545 755 1587 sportulas,
775 1553 803 1579 et
822 1546 852 1578 in
875 1547 927 1580 tali
944 1554 975 1580 et
996 1548 1036 1580 si-

286 1593 354 1625 mili
375 1604 452 1628 casu
481 1597 630 1630 volumus
662 1604 691 1630 et
722 1599 912 1632 mandamus
941 1601 1034 1633 autli-

286 1651 389 1680 torem
411 1648 612 1683 criminalem
634 1652 761 1684 nonnisi
780 1663 838 1695 pro
859 1653 961 1686 tribus
977 1655 1035 1692 ab1

284 1701 398 1734 solutis
418 1708 555 1745 tantum,
578 1711 608 1738 et
632 1716 696 1738 non
727 1707 810 1739 ultra
843 1707 918 1747 sint,
941 1714 1034 1751 quot-

283 1760 362 1797 quot
383 1755 502 1789 suerint
522 1758 567 1790 rei
588 1758 789 1802 deliquentes
810 1761 964 1802 accusati,
982 1762 1032 1795 in-

282 1808 455 1851 quisiti‚de
475 1822 541 1844 uno
561 1818 615 1845 aut
632 1814 778 1856 pluribus
799 1815 923 1848 delictis
936 1816 1032 1850 simul

282 1863 485 1905 apt-aedicit<
506 1866 597 1898 factis
617 1873 670 1899 aut
697 1869 877 1901 commissis
904 1876 1031 1913 sportu-

282 1914 328 1946 las
347 1917 506 1960 accipere.

323 1968 533 2013 Contingebat
553 1973 727 2017 aliquando
752 1987 842 2009 reum
870 1988 969 2010 unum
991 1979 1028 2011 (lc

278 2022 426 2064 pluribus
451 2025 576 2059 delictis
601 2038 668 2060 esse
695 2029 883 2072 inquisitum
906 2038 936 2064 et
956 2040 1030 2075 pro-

278 2082 451 2118 (assatum,
471 2085 501 2113 et
527 2081 654 2123 cognita
678 2082 762 2116 illius
783 2084 969 2119 innocentia
989 2087 1027 2118 li-

278 2128 396 2169 herari,
420 2131 492 2165 ideo
511 2133 584 2175 quia
605 2135 819 2169 intelleximus
843 2148 907 2171 non
928 2141 1026 2173 semel

276 2181 451 2224 aliquando
484 2187 664 2221 auditorem
695 2198 753 2232 pro
788 2192 939 2234 sportulis
973 2204 1026 2226 vo-

278 2234 382 2273 luisse,
416 2239 623 2274 multitudine
649 2242 840 2277 delictorum
872 2246 1024 2290 inspecta,

275 2290 389 2323 salaria
417 2292 580 2336 duplicata
607 2301 635 2328 et
667 2298 940 2343 quandocumque
966 2302 1024 2334 tri-

277 2342 389 2383 plicata
402 2356 408 2383 ;
422 2353 602 2389 propterea,
620 2349 693 2382 licet
706 2351 785 2384 llaec
799 2363 947 2395 expresse
959 2365 1023 2388 non

274 2394 466 2430 determinet
502 2401 706 2441 Magalottus,
737 2406 924 2440 mandamus
960 2408 1022 2442 hoc.

274 2458 347 2480 casu
362 2451 488 2484 unicam
508 2460 629 2488 tantum
644 2459 824 2491 mercedem
838 2470 900 2492 non
918 2461 1022 2505 dupli-

273 2507 373 2533 catam
396 2513 455 2536 nec
477 2506 680 2550 triplicatam,
704 2511 757 2544 sed
778 2512 970 2557 simplicem,
986 2515 1021 2548 il-

275 2552 338 2584 lzim
352 2554 476 2598 exigere
497 2570 598 2602 posse.

316 2612 468 2647 similitor
488 2623 516 2650 et
537 2619 673 2654 relatum
694 2627 739 2656 est
756 2623 934 2660 auditorem
954 2629 1018 2661 cri-

1089 357 1105 379 a
1130 347 1243 391 poenis
1268 348 1465 392 pecuniariis
1492 351 1628 385 voluisse
1657 354 1831 387 excessivas

1089 401 1248 438 sportulas
1267 403 1305 435 ad
1327 402 1483 436 rationem
1505 413 1681 447 poenarum
1711 417 1726 438 a
1751 407 1830 440 bau-
1875 413 1884 423 “

1089 453 1239 488 nimentis
1271 455 1454 499 provinciae
1488 456 1736 500 impositarum,
1766 471 1830 493 non

1088 506 1195 540 habito
1220 515 1366 552 respectu
1390 511 1653 544 constitutionum
1675 512 1831 546 Marchiae

1087 560 1135 592 vel
1155 565 1347 595 statutorum
1369 563 1531 596 civitatum
1542 565 1588 597 vel
1603 565 1748 598 locorum
1757 577 1832 610 pro-

1086 613 1221 655 vinciae,
1235 626 1316 659 quae
1329 616 1476 659 vigebant
1496 623 1641 661 tempore
1660 619 1831 661 Magalotti,

1087 678 1223 711 quorum
1243 680 1364 712 poenae
1387 681 1450 703 non
1470 677 1557 704 erant
1581 671 1624 704 ita
1648 683 1770 715 graves,
1791 673 1833 706 si-

1087 722 1152 755 cuti
1173 733 1209 755 ex
1228 723 1445 756 bannimentis
1465 724 1613 768 imposita
1630 736 1697 758 esse
1717 726 1831 769 digno-

1085 781 1243 816 scuntur;
1269 782 1454 821 propterea,
1489 778 1528 811 ad
1554 779 1720 812 honestam
1745 791 1831 813 mer-

1085 830 1195 863 cedem
1216 830 1401 864 huiusmodi
1426 831 1540 864 salaria
1568 833 1771 874 reducentes,
1798 833 1830 867 in

1085 884 1258 927 praedictis
1277 884 1482 918 absolutoriis
1508 886 1699 919 mandamus
1721 897 1831 930 supra-

1085 937 1207 970 dictum
1218 948 1282 970 non
1303 948 1395 981 posse
1415 950 1474 982 pro
1495 939 1642 972 mercede
1664 951 1720 973 sua
1741 951 1830 974 exce-

1084 991 1159 1023 dere
1179 995 1271 1024 scuta
1291 992 1415 1032 decem,
1434 1003 1474 1025 ne
1490 992 1654 1035 contingat,
1674 993 1829 1026 maiorem

1084 1044 1153 1077 fieri
1190 1044 1382 1096 solutione-m
1420 1056 1479 1089 pro
1510 1057 1614 1090 poena
1642 1046 1830 1091 pecuniaria

1083 1109 1181 1141 quam
1202 1109 1260 1142 pro
1280 1109 1386 1143 poena
1405 1099 1533 1143 capitali
1554 1106 1585 1134 et
1601 1100 1829 1134 confiscatione

1081 1152 1254 1186 honorum.
1699 1192 1702 1197 Ι

1124 1207 1204 1245 Quia
1224 1207 1421 1251 experientia
1441 1207 1580 1242 ostendit
1593 1208 1829 1242 exmulctisau-

1081 1260 1262 1294 ctoritatem
1283 1267 1314 1295 et
1329 1262 1567 1296 iurisdictiones
1587 1262 1729 1296 iudicum
1750 1272 1835 1312 con-¹

1080 1314 1211 1356 servari,
1248 1322 1277 1348 et
1311 1326 1347 1348 ex
1377 1316 1492 1350 timore
1530 1316 1725 1350 muletarum
1758 1316 1835 1366 fieri⁴

1079 1368 1166 1411 quod
1184 1368 1406 1413 delinquentes
1425 1369 1602 1413 puniantur
1621 1376 1652 1404 et
1671 1367 1835 1413 castigen-'

1079 1427 1142 1462 tur,
1172 1422 1243 1455 ideo
1264 1422 1296 1454 in
1322 1433 1383 1457 usu
1412 1428 1485 1456 sunt
1509 1424 1704 1467 frequentes
1728 1428 1758 1457 et
1780 1422 1835 1474 vi-·

1078 1475 1195 1507 dentur
1216 1476 1297 1516 lieri,
1324 1482 1359 1510 ut
1378 1477 1567 1510 earumdem
1587 1477 1694 1511 taedio
1720 1475 1825 1510 affecti

1078 1529 1222 1562 mulctati
1243 1537 1473 1573 compareant;
1506 1523 1690 1575 propterea,
1713 1541 1755 1564 ne
1784 1522 1834 1577 ad}

1053 1607 1057 1616 .
1076 1583 1353 1616 aliumtrahantur
1364 1584 1474 1623 finem,
1491 1585 1640 1618 volumus
1651 1584 1748 1628 quod,
1764 1587 1834 1628 pro¹

1076 1635 1249 1679 praedictis
1269 1636 1398 1669 mulctis
1418 1637 1589 1681 impositiS,
1600 1638 1732 1672 auditor
1743 1637 1832 1675 nihil,

1076 1689 1220 1732 recipere
1240 1689 1350 1734 possit,
1379 1691 1465 1734 quod
1485 1691 1642 1724 hactenus
1662 1691 1744 1724 male
1765 1681 1832 1724 oh-'

1074 1749 1233 1776 servatum
1253 1749 1310 1785 est,
1333 1754 1407 1777 cum
1433 1754 1492 1788 pro
1512 1745 1684 1789 praedictis
1703 1744 1821 1778 fuerint

1074 1797 1236 1829 multoties
1260 1797 1423 1840 sportulae
1452 1797 1547 1831 etiam
1582 1798 1723 1832 indebite
1746 1808 1819 1833 exa-

1073 1856 1153 1883 ctae:
1177 1850 1261 1883 idem
1288 1850 1383 1884 etiam
1413 1851 1563 1884 volumus
1588 1851 1762 1893 observari,
1793 1850 1817 1885 si

1072 1904 1119 1936 vel
1142 1904 1361 1947 comparuerit
1379 1904 1428 1937 vel
1460 1910 1572 1949 captus
1599 1905 1695 1938 suerit
1730 1914 1816 1945 reu52

1072 1967 1144 1989 nam
1184 1957 1385 1990 declaramus
1422 1957 1490 2002 ipso
1519 1957 1589 1990 iure
1627 1967 1694 1991 esse
1737 1957 1816 1990 mul-

1071 2015 1153 2043 ctam
1186 2011 1309 2043 nullam
1342 2016 1374 2044 et
1406 2011 1490 2044 sacto
1524 2022 1646 2045 cassam
1682 2016 1710 2043 et
1747 2009 1816 2043 irri-

1070 2070 1145 2097 lam.

1129 2169 1132 2173 ·
1171 2150 1214 2183 De
1235 2151 1404 2184 sententiis
1427 2151 1710 2186 condenmatoriis.

1110 2225 1143 2257 ln
1176 2225 1371 2269 pecuniariis
1397 2226 1669 2260 condemnatoriis
1703 2224 1818 2261 statuit'

1067 2278 1252 2320 Magalottus
1271 2280 1472 2323 praedictum
1492 2279 1674 2314 auditorem
1700 2280 1810 2314 crimi-

1065 2332 1169 2363 nalem
1203 2332 1311 2365 curiae
1338 2333 1515 2366 seeundum
1543 2333 1808 2367 consuetudinem

1065 2384 1205 2417 decimas
1225 2384 1344 2418 habere
1368 2397 1459 2429 posse
1485 2397 1548 2420 non
1569 2387 1810 2420 condemnatio-

1064 2432 1124 2472 nis,
1147 2434 1199 2466 sed
1225 2434 1294 2467 eius
1314 2446 1458 2468 summae
1490 2436 1520 2469 in
1552 2447 1648 2480 quam
1673 2447 1747 2469 reus
1775 2447 1807 2469 se

1063 2493 1136 2514 cum
1166 2482 1298 2516 Camera
1327 2485 1564 2528 composuerit,
1596 2484 1807 2518 moderandas

1062 2530 1195 2563 arbitrio
1226 2531 1301 2564 dicti
1327 2532 1493 2576 praesidis,
1529 2534 1706 2567 secundum
1731 2544 1806 2566 con-

1061 2579 1247 2623 tingentiam
1276 2591 1408 2615 casuum
1440 2588 1470 2615 et
1503 2589 1710 2627 quantitatem
1730 2593 1804 2627 poe-

1060 2639 1174 2664 narum
1195 2637 1223 2663 et
1244 2641 1454 2675 personarum
1476 2633 1677 2677 qualitatem,
1705 2641 1802 2676 quam
