2059 3228
375 234 439 271 350

330 299 458 334 casione
476 296 525 330 vel
545 305 653 334 causa,
667 293 751 334 latis,
765 293 790 325 si
807 291 926 336 quibus
939 301 1077 336 quomo-

329 353 450 388 dolibet
484 348 628 383 innodati
662 347 822 388 existunt,
854 346 892 379 ad
926 346 1077 379 effectum

328 404 548 451 praesentium
568 407 691 436 tantum
713 401 976 445 consequendum
989 426 996 440 ,
1018 400 1076 432 ba-

328 470 401 492 rum
421 458 503 491 serie
535 456 736 490 absolventes
769 460 799 488 et
825 455 988 488 absolutos
1009 454 1077 486 sore

328 517 506 552 censentes,
527 520 655 544 necnon
674 515 802 542 tenores
819 508 975 541 dictarum
996 506 1077 539 litte-

327 577 437 600 rarum
455 564 680 609 praesentibus
699 573 758 607 pro
778 561 936 606 expressis
956 560 1076 593 liaben-

327 628 385 661 tes,
403 619 590 653 huiusmodi
607 616 900 662 supplicationibus
916 614 1072 654 inclinati,

325 673 440 707 litteris
459 672 628 718 praefatis,
650 683 687 705 ac
706 671 857 705 omnibus
891 676 922 703 et
941 668 1075 711 singulis

325 730 358 761 in
382 728 428 762 eis
458 726 628 766 contentis,
664 726 839 770 apostolica
870 723 1072 762 auctoritate,

325 788 438 815 tenore
472 780 691 825 praesentium
707 807 715 819 ‚
755 790 792 813 ex
839 784 926 812 certa
964 782 1074 810 nostra

323 836 470 876 scientia,
491 835 592 869 robur
607 834 801 879 apostolicae
818 830 1074 865 confirmationis

323 889 506 930 adiicimus,
526 889 660 932 illasque
673 888 891 932 approbamus
908 891 939 918 et
959 884 1074 918 confir-

324 954 461 977 mamus.

368 997 386 1041 ἓ
407 997 438 1031 5.
461 997 500 1030 Ut
519 1001 627 1029 autem
657 994 884 1028 christifideles
913 1002 950 1025 eo
970 991 1072 1024 liben-

324 1051 388 1084 tius
406 1051 524 1083 dictam
545 1048 842 1082 confraternitatem
865 1047 896 1079 in
917 1046 1001 1079 dicta
1021 1056 1072 1078 ec-

323 1103 421 1137 clesia
439 1104 473 1136 B.
497 1103 611 1136 Mariae
637 1101 813 1134 institutam
835 1099 1068 1141 ingrediantur,

322 1168 387 1202 quo
407 1157 519 1190 exinde
535 1157 619 1189 dono
635 1155 780 1188 coelestis
797 1155 916 1197 gratiae
933 1164 1070 1197 conspe-

321 1210 424 1244 xerint
444 1220 476 1243 sc
496 1209 629 1243 uberius
649 1219 717 1241 esse
738 1208 885 1247 resectos,
909 1207 947 1240 de
967 1208 1071 1249 omni-

321 1265 461 1309 potentis
485 1258 539 1297 Dei
571 1262 810 1302 misericordia,
838 1272 875 1294 ac
900 1260 1068 1294 beatorum

321 1318 406 1352 Petri
427 1323 457 1351 et
476 1317 567 1350 Pauli
587 1316 807 1360 apostolorum
831 1315 900 1348 eius
925 1316 1068 1348 auctori-

322 1377 385 1405 tate
398 1371 523 1411 confisi,
540 1370 690 1404 omnibus
706 1375 734 1402 et
747 1369 881 1412 singulis
899 1369 1068 1412 utriusque

320 1436 415 1459 sexus
434 1424 709 1463 christifidelibus,
733 1423 793 1469 qui¹
811 1431 883 1456 vere.
904 1423 1070 1466 poeniten-

321 1485 368 1513 tes
386 1485 415 1512 et
432 1478 567 1512 confessi
589 1478 601 1500 1
623 1478 740 1510 dictam
773 1477 1067 1510 confraternitatem

137 248 187 278 An.
205 248 234 279 C.
248 249 316 279 ¹580

154 1060 267 1088 Ampliatio
290 1066 308 1080 a·

125 1088 199 1111 liarum
241 1090 311 1112 indul-

127 1120 250 1144 antinum.

321 1532 555 1576 ingredientur,
574 1532 604 1564 in
618 1531 667 1564 die
686 1531 780 1574 primi
796 1531 926 1563 illorum
945 1531 1068 1574 ingres-
1087 1543 1091 1546 ’

321 1597 375 1620 sus
393 1596 430 1619 ac
450 1586 483 1618 in
503 1585 615 1618 mortis
633 1585 770 1617 articulo
799 1585 975 1628 plenariam
997 1596 1068 1618 om-

321 1641 412 1673 nium
433 1645 464 1672 et
479 1639 681 1682 singulorum
706 1644 911 1681 peccatorum
935 1649 1066 1672 suorum
1089 1650 1090 1653 ’

322 1693 556 1737 indulgentiam
577 1698 607 1725 et
626 1692 849 1725 remissionem
864 1718 871 1731 ,
893 1693 1068 1736 apostolica

321 1747 524 1786 auctoritate,
557 1753 667 1780 tenore
697 1745 930 1790 praesentium,
953 1746 1069 1790 elargi-

324 1811 410 1834 mur.

368 1855 385 1899 ἓ
403 1854 434 1888 6.
456 1854 525 1888 Non
545 1853 744 1887 obstantibus
764 1853 929 1896 quibusvis
952 1853 1071 1886 consti·
1088 1857 1092 1896 l

323 1909 501 1942 tutionibus
530 1914 559 1941 et
589 1906 847 1940 ordinationibus
872 1907 1067 1950 apostolicis,
1088 1904 1092 1933 Ι

196 1913 309 1940 nerogatto

127 1946 290 1966 ‘mmmm'
324 1973 361 1996 ac
381 1962 533 1996 omnibus
559 1961 635 1999 illis,
666 1971 747 2004 quac
781 1960 812 1992 in
833 1960 927 1992 dictis
956 1959 1070 1993 litteris

324 2026 510 2061 expressum
545 2021 589 2048 est
626 2024 689 2047 nou
723 2013 859 2052 obstare,
890 2014 1071 2056 ceterisque

324 2069 494 2103 contrariis
512 2069 784 2113 quibuscumque.

369 2124 384 2167 ἓ
405 2124 435 2157 7.
458 2123 620 2162 Ceterum,
638 2121 714 2164 quia
731 2120 860 2153 difficile
881 2120 960 2153 foret
982 2130 1073 2162 prae-

325 2185 431 2211 sentes
450 2177 571 2210 litteras
590 2176 628 2208 ad
661 2175 786 2215 sing-ula
810 2183 958 2217 quaeque
987 2174 1070 2212 loca,

326 2233 380 2264 ubi
399 2241 530 2264 necesse
544 2230 651 2269 fuerit,
674 2228 811 2267 deferre,
824 2227 973 2259 volumus
987 2226 1073 2268 quod

327 2285 455 2317 illarum
484 2282 712 2326 transumititis,
735 2291 832 2314 manu
858 2279 993 2312 alicuius
1019 2289 1075 2312 no-

328 2335 400 2366 tarii
420 2333 541 2378 publici
562 2331 763 2375 subscriptis,
787 2336 817 2362 et
835 2329 939 2372 sigillo
955 2332 1012 2361 etc.

370 2382 485 2415 Datum
516 2382 635 2415 Romae
668 2380 754 2424 apud
783 2379 814 2411 S.
837 2378 987 2415 Petrum,
1014 2376 1074 2407 ,sub

328 2432 449 2464 annulo
468 2430 661 2468 piscatoris,
696 2429 748 2461 die
778 2438 807 2460 ix
839 2427 905 2459 iulii
936 2434 1072 2464 motxxx,

329 2480 536 2524 pontificatus
555 2479 655 2511 nostri
674 2488 759 2510 auno
782 2487 820 2509 ix.

388 2533 450 2562 Dat.
470 2532 516 2561 die
533 2533 549 2561 9
569 2532 634 2561 iulii
652 2532 740 2566 lbsst',
761 2529 865 2568 pontis.
883 2536 959 2557 auno
976 2535 1014 2555 ix.

156 2184 218 2205 fides
255 2187 311 2206 trun-

131 2217 268 2241 nummorum.

366 2596 378 2622 1
396 2594 490 2622 Mauh.
508 2594 582 2621 addit
602 2602 633 2621 ac
660 2600 739 2621 surra
769 2590 962 2619 Communione
986 2588 1077 2622 refecti

332 2641 372 2675 (n.
385 2639 436 2674 τ.).

914 239 1093 264 BULLARIUM
1117 235 1268 262 ROMANUM

1439 286 1540 321 CXXI.

1117 373 1315 416 Approbctlio
1332 372 1588 415 conyreqalio‘nis
1600 370 1741 413 fratrum
1757 373 1865 403 etmo-

1162 427 1303 458 nialinm
1331 424 1465 458 Ordinis
1489 424 1528 456 B.
1551 424 1674 456 Mariae
1702 423 1739 455 dc
1757 417 1865 455 Mania

1164 479 1321 518 Carmelo,
1350 467 1387 510 iii
1415 478 1522 520 reqm's
1540 477 1779 520 Hispam'mum
1807 475 1863 508 sub

1161 533 1424 566 denominatione
1448 530 1719 564 Discalceatornm
1733 529 1865 561 institu-

1163 591 1224 626 tae,
1246 597 1318 619 cum
1339 585 1555 619 declaratione
1571 584 1714 616 mwzeris
1727 582 1862 626 provin-

1160 641 1252 673 cialis
1279 649 1387 673 eorum
1420 638 1542 681 prioris
1561 647 1598 669 ac
1623 635 1862 680 superioritatis

1156 694 1278 737 prioris
1311 692 1470 736 yeneralis
1496 691 1591 724 lolius
1616 688 1760 728 Ordinis,
1784 698 1861 731 qra-

1160 749 1339 790 tz'armnque
1366 745 1506 778 eiusdem
1531 743 1663 778 Ordinis
1682 741 1862 775 communi-

1159 801 1296 834 catione.

1114 886 1262 922 Gregorius
1271 886 1341 921 Papa
1350 885 1417 918 xm.
1427 885 1461 913 ad
1469 884 1631 920 perpetuam
1638 882 1680 911 rei
1691 881 1860 910 memoriam.

1158 963 1211 996 Pia
1247 962 1504 996 consideratione
1544 961 1725 993 Romanum
1767 957 1860 991 decet
1899 962 1937 985 8¹
1956 957 1970 994 ,J

1112 1017 1301 1051 Pontificem
1329 1016 1414 1049 circa
1433 1020 1550 1048 statum
1571 1013 1797 1055 religiosorum
1816 1011 1861 1044 ita

1112 1071 1289 1111 attendere,
1306 1075 1341 1103 ut
1357 1069 1416 1113 ipsi
1429 1067 1580 1111 religiosi,
1593 1066 1748 1110 Regulam
1761 1074 1858 1108 quam

1111 1124 1151 1157 ah
1176 1124 1267 1157 initio
1291 1122 1425 1167 professi
1454 1126 1527 1154 sunt
1557 1121 1726 1154 observare
1754 1118 1859 1152 niten-

1111 1184 1170 1217 tes,
1192 1178 1231 1210 ab
1251 1176 1337 1210 omni
1356 1175 1500 1208 molestia
1519 1174 1731 1207 vindicentur.

1156 1231 1169 1254 Q
1191 1231 1221 1263 t.
1244 1230 1365 1273 Exponi
1392 1228 1550 1272 siquidem
1576 1226 1668 1260 nobis
1687 1235 1792 1270 nuper
1809 1225 1857 1257 fe·
1878 1233 1973 1257 {nno
1992 1237 2001 1252 -,

1156 1251 1170 1274 a

1089 1298 1092 1324 ι
1111 1290 1226 1318 cerunt
1244 1283 1429 1317 carissimus
1448 1282 1480 1315 in
1500 1281 1624 1317 Christo
1643 1280 1729 1313 filius
1748 1283 1858 1312 noster
1870 1267 2005 1324 {22⁸-

1088 1332 1091 1370 3
1109 1339 1278 1383 Philippus
1298 1336 1526 1381 Hispaniarum
1542 1345 1596 1368 rex
1616 1333 1806 1373 catholicus,
1824 1335 1856 1365 et
1869 1326 1967 1350 ⁶⁸⁰⁰⁸s

1110 1393 1216 1426 dilecti
1232 1391 1289 1424 filii
1303 1390 1444 1433 religiosi
1458 1387 1645 1422 Discalceati
1660 1385 1852 1430 nuncupati,

1088 1442 1091 1486 ξ
1109 1446 1184 1479 Ord.
1208 1446 1241 1478 Β.
1263 1445 1379 1478 Mariae
1395 1443 1433 1476 de
1453 1443 1556 1476 Monte
1575 1440 1732 1480 Carmelo,
1751 1439 1785 1472 in
1804 1449 1855 1472 re-

1088 1496 1181 1543 ignis
1211 1498 1438 1542 Hispaniarum
1463 1497 1644 1536 existentes,
1670 1493 1756 1536 quod
1779 1502 1854 1526 cum

1087 1550 1091 1599 ξ
1109 1554 1188 1586 alias
1234 1552 1335 1585 seticis
1382 1549 1612 1584 recordationis
1649 1546 1854 1580 Innocentius

1088 1604 1193 1651 {Papa
1215 1607 1268 1648 tv,
1290 1605 1518 1649 praedecessor
1543 1607 1664 1642 noster,
1690 1599 1854 1644 supplica-

1111 1661 1250 1695 tionibus
1270 1658 1387 1704 prioris
1417 1663 1448 1691 et
1477 1655 1614 1689 fratrum
1638 1654 1853 1688 Eremitarum

1088 1718 1090 1748 ἱ
1110 1715 1144 1748 Β.
1167 1714 1281 1747 Mariae
1301 1713 1341 1746 de
1360 1712 1463 1745 Monte
1487 1709 1633 1743 Carmelo
1652 1719 1690 1741 ea
1708 1708 1741 1740 in
1763 1712 1854 1752 parte

1088 1757 1091 1777 ³
1110 1769 1291 1807 inclinatus,
1309 1765 1559 1799 declarationem
1577 1769 1607 1797 ct
1619 1761 1854 1796 correctionem

1110 1822 1250 1865 Regulae
1260 1831 1372 1854 eorum
1389 1818 1515 1852 Ordinis
1531 1829 1549 1851 a
1562 1817 1665 1850 bonae
1680 1813 1855 1848 memoriae

1110 1875 1239 1908 Alberto
1267 1873 1448 1917 patriarcba
1479 1869 1766 1914 Hierosolymitano
1794 1866 1855 1900 sibi

1089 1943 1092 1963 2
1109 1928 1243 1962 traditae
1256 1954 1263 1967 ,
1283 1938 1341 1971 per
1366 1927 1467 1958 bonae
1487 1924 1581 1958 etiam
1602 1921 1776 1956 memoriae
1793 1921 1857 1954 Hu-

1089 1968 1093 1991 ¹
1111 1993 1227 2025 gouem
1244 1981 1327 2014 tituli
1343 1980 1374 2013 S.
1393 1979 1529 2012 Sabinae
1549 1977 1772 2021 presbyterum
1787 1985 1857 2008 car-

1112 2035 1252 2068 dinalem
1267 2061 1274 2074 ‚
1297 2040 1329 2067 et
1347 2033 1554 2066 Guillelmum
1583 2029 1772 2074 episcopum
1791 2028 1857 2061 An-

1113 2088 1327 2123 teiadensem,
1349 2087 1388 2118 de
1407 2085 1550 2118 eiusdem
1566 2081 1742 2116 Innocentii
1753 2082 1858 2125 Papae

1114 2141 1262 2174 mandato
1285 2141 1419 2179 factam,
1443 2144 1470 2171 et
1497 2148 1555 2182 per
1584 2136 1714 2169 eosdem
1746 2135 1859 2168 fratres

1113 2195 1248 2227 tirmiter
1268 2192 1511 2231 observandam,
1534 2191 1767 2224 confirmasset.

1158 2249 1173 2291 ξ
1192 2247 1222 2280 2.
1264 2247 1306 2279 Ac
1345 2245 1549 2290 postmodum
1584 2243 1656 2288 piae
1684 2240 1859 2275 memoriae

1114 2301 1277 2343 Eugenius
1302 2300 1385 2342 Papa
1419 2298 1466 2337 l'i‘,
1504 2297 1598 2330 etiam
1633 2295 1860 2340 praedecessor

1115 2360 1235 2393 noster,
1258 2364 1314 2396 per
1334 2362 1406 2385 cum
1425 2356 1557 2394 accepto
1574 2349 1660 2394 quod
1678 2348 1710 2381 in
1727 2347 1860 2392 quibus-

1115 2408 1187 2439 dam
1214 2406 1364 2450 capitulis
1383 2405 1486 2438 dictae
1503 2405 1659 2447 Regulam,
1681 2402 1766 2435 inter
1783 2400 1858 2441 alia,

1116 2461 1288 2494 cavebatur
1299 2459 1386 2503 quod
1397 2458 1508 2491 trau-es
1521 2456 1673 2501 praedicti
1685 2455 1813 2489 Ordinis
1820 2454 1861 2487 ab

1117 2525 1172 2547 esu
1195 2514 1340 2547 carnium
1365 2523 1397 2546 se
1417 2511 1625 2549 abstinerent,
1647 2509 1707 2542 nisi
1734 2518 1791 2552 pro
1811 2507 1861 2540 in—

1095 2556 1278 2600 'firmitatis
1293 2567 1341 2599 vei
1362 2565 1533 2598 debuimus
1552 2563 1707 2597 remedio.
1736 2561 1861 2594 Eisdem

1118 2622 1225 2661 ctiam,
1251 2619 1339 2664 quod
1372 2618 1506 2662 singulis
1542 2617 1665 2656 diebus,
1692 2613 1863 2648 dominicis

1912 2258 1929 2271 ’.-
1944 2264 1958 2269 1.
1975 2260 1977 2270 i
2008 2257 2010 2260 ·

1871 2283 1923 2311 neg
1969 2273 1987 2299 T*
2012 2282 2014 2285 '

1873 2315 1936 2342 gavit.
