2059 3228
0 252 4 258 .
15 203 125 263 dim

723 222 898 249 caecemus
912 222 974 249 xm
981 223 1035 249 PP.

138 287 176 313 ac
194 276 270 311 alias
295 276 328 310 in
354 276 537 321 praemissis
564 282 747 321 opportune
772 276 879 321 provi—

137 331 213 366 dere
223 330 262 364 de
270 330 463 374 benignitate
471 331 646 374 apostoliea
657 331 877 374 dignaremur.

135 384 197 419 Nos
229 384 339 427 igitur,
378 384 433 427 qui
464 384 607 418 fidelium
641 385 879 428 quorumlibet,

135 436 323 484 praesertim
361 437 594 471 catholicorum
631 448 756 481 regum,
801 437 880 471 votis

135 490 272 524 libenter
294 490 478 531 annuimus,
510 501 547 525 ac
573 501 632 532 ea,
663 497 820 535 quantum
845 491 878 523 in

134 543 227 578 nobis
245 548 304 584 est,
325 543 486 577 favoribus
506 545 733 588 prosequimur
758 555 878 589 oppor-

134 596 234 638 tunis,
244 597 445 630 attendentes
456 597 551 630 etiam
560 597 777 630 Universitatis
788 607 879 640 prac-

134 650 238 685 dictae
259 650 361 683 multa
380 661 446 684 esse
467 650 499 683 in
519 651 615 685 fidem
636 650 827 684 catholicam
848 656 878 683 et

134 702 248 739 Sedem
267 703 454 737 huiusmodi
472 704 595 744 merita,
614 703 707 737 nobis
728 709 759 737 et
786 714 878 737 vene-

132 755 289 791 rabilibus
308 757 461 791 fratribus
481 757 597 791 nostris
622 762 748 791 sanctae
759 758 877 790 Roma-

133 819 193 844 nae
211 809 371 843 Ecclesiae
386 810 603 844 cardinalibus
626 810 874 853 nonincognita3

133 873 171 897 ac
189 862 372 907 Philippum
391 874 500 906 regem
520 869 552 897 et
570 863 711 907 singulas
723 874 877 908 personas

135 915 349 950 universitatis
380 922 411 950 et
442 917 601 950 facultatis
621 917 738 950 artium
762 917 876 950 huius-

132 969 218 1004 modi
233 980 252 1003 a
266 970 794 1014 quibusvisexcommunicationis
806 982 876 1004 sus-

130 1022 294 1069 pensionis
321 1029 353 1057 et
371 1023 533 1057 interdicti
562 1024 697 1067 aliisque
722 1025 875 1058 ecclesia-

130 1076 217 1112 sticis
234 1076 411 1118 sententiis,
433 1077 577 1110 censuris
596 1083 627 1110 et
641 1077 793 1121 poenis,a
806 1079 876 1112 iure

131 1130 178 1164 vel
189 1130 229 1165 ab
241 1129 384 1171 homine,
407 1131 516 1174 quavis
524 1131 691 1165 occasione
706 1133 753 1166 vel
766 1143 873 1174 causa,

130 1183 212 1226 latis,
231 1183 382 1228 siquibus
401 1184 644 1228 quomodolibet
654 1184 798 1218 innodati
809 1186 875 1219 exi-

130 1242 227 1280 stunt,
247 1237 287 1271 ad
300 1237 451 1271 effectum
470 1238 687 1282 praesentium
712 1239 876 1273 dumtaxat

131 1291 406 1335 consequendum,
427 1291 543 1324 harum
563 1291 646 1325 serie
676 1292 876 1326 absolventes

133 1347 164 1381 et
178 1344 341 1379 absolutos
360 1344 430 1378 sore
449 1349 627 1386 censentes,
660 1356 788 1379 necnon
811 1346 875 1379 sin-

131 1398 278 1442 gularum
309 1398 490 1432 litterarum
521 1398 760 1442 praedictarum
785 1405 875 1433 teno-

131 1461 181 1487 lcs
198 1452 421 1497 praesentibus
437 1463 496 1496 pro
523 1452 678 1496 expressis
705 1453 871 1495 habentes,

130 1503 314 1538 huiusmodi
333 1505 625 1549 supplicationibus
644 1505 802 1548 inclinati,
824 1518 874 1540 su-

132 1558 274 1601 pradicta
306 1558 484 1602 privilegia,
509 1559 783 1603 quemadmodum
816 1571 875 1605 per

73 1639 75 1643 ,
128 1610 310 1654 praedictos
342 1612 604 1655 praedecessores
638 1617 763 1646 nostros
798 1624 874 1647 con-

133 1674 219 1699 cessa
236 1669 268 1699 et
295 1665 484 1699 confirmata
507 1666 650 1707 suerunt,
673 1677 747 1700 cum
767 1667 873 1700 omni-

129 1715 190 1752 bus
209 1722 241 1752 et
258 1718 391 1762 singulis
410 1718 444 1751 in
463 1719 509 1752 eis
534 1719 691 1753 contentis
708 1721 871 1761 clausulis,

133 1770 275 1814 cautelis,
307 1772 454 1814 decretis,
483 1772 757 1816 derogationibus,
782 1785 874 1818 prae-

80 1825 83 1828 ”
132 1825 372 1867 servationibus,
391 1836 440 1867 ac,
465 1833 563 1871 prout
583 1827 637 1860 illa
657 1834 870 1869 concernunt,

133 1879 238 1912 omnia
257 1883 289 1913 et
311 1879 436 1923 singula
454 1880 488 1913 in
508 1880 552 1914 eis
572 1886 736 1921 contenta,
754 1887 785 1915 et
800 1893 873 1926 pro-

132 1937 168 1966 ut
184 1931 299 1976 iacent,
320 1933 404 1967 dicta
423 1934 625 1976 auctoritate,
647 1940 759 1968 tenore
779 1947 872 1979 prae-

131 1984 278 2028 sentium,
313 1987 531 2031 approbamus
563 1994 594 2021 et
627 1988 870 2030 confirmamus,

133 2047 331 2082 eaquevsuos
359 2040 492 2074 effectus
523 2040 631 2074 sortiri
654 2041 870 2083 volumus‚et,

132 2095 285 2134 quatenus
304 2103 385 2137 opus
400 2093 451 2134 sit,
484 2094 523 2127 de
542 2104 626 2127 novo
650 2095 870 2134 concedimus,

132 2142 258 2188 illisque
273 2151 449 2190 perpetuae
468 2152 499 2180 et
524 2146 718 2180 inviolabilis
737 2148 873 2180 firmita-

134 2195 173 2229 tis
190 2197 287 2232 robur
306 2199 488 2240 adiicimus‚
510 2211 546 2233 ac
558 2211 594 2233 ea
610 2201 718 2234 omnia
730 2201 832 2234 valida
844 2206 875 2234 et

135 2249 269 2284 efficacia
282 2261 508 2296 esse‚su0sque
518 2253 678 2296 plenarios
691 2259 721 2286 et
732 2254 874 2297 integros

82 2302 90 2315 ³
135 2306 263 2342 effeetus
279 2309 397 2350 sortiri,
415 2315 446 2343 et
464 2311 504 2343 ab
524 2310 692 2351 omnibus,
715 2321 796 2354 quos
820 2310 875 2344 illa

136 2372 341 2408 concernunt,
351 2366 576 2400 inviolabiliter
591 2367 763 2409 observari,
777 2379 814 2401 ac
831 2368 874 2401 ita

135 2426 170 2455 ut
187 2429 295 2458 contra
313 2425 380 2465 illa,
401 2425 512 2468 quovis
532 2424 675 2467 quaesito
701 2426 808 2458 colore
828 2427 873 2458 vel

96 2489 101 2496 ⁵
135 2478 272 2523 ingenio,
303 2482 411 2515 venire
441 2492 646 2525 nequaquam
684 2482 818 2525 possint,
840 2488 876 2515 ut

137 2537 323 2581 praefertur,
337 2539 516 2574 adillornm
525 2539 756 2572 observantiam
773 2541 873 2573 teneri

138 2595 218 2629 etad
229 2595 271 2637 id,
282 2596 375 2630 etiarn
390 2597 449 2630 sub
469 2596 693 2630 ecclesiasticis
700 2597 873 2637 sententiis,

213 2643 280 2675 Ball
312 2645 389 2677 Rom.
418 2645 474 2676 vot.
503 2645 574 2675 VIII.
720 2646 757 2676 65

1559 222 1623 257 513

920 275 1066 309 censuris
1085 283 1115 310 et
1134 280 1258 321 poenis,
1272 281 1340 324 cogi
1353 287 1382 315 et
1403 283 1553 327 compelli
1574 294 1666 329 posse

920 328 1136 364 declaramus.

963 382 978 425 ἓ
1003 382 1034 416 9.
1054 383 1091 416 Et
1116 390 1150 417 ut
1169 387 1392 429 maiorigratia
1407 390 1664 424 diotamUnivoi·-

919 434 1045 468 sitalem
1069 437 1255 480 afficiamus,
1280 442 1437 475 redditum
1472 449 1501 476 et
1530 455 1666 487 proven-

920 493 988 521 tum
1004 500 1148 523 annuum
1169 492 1399 527 beneficiorum
1418 496 1448 528 in
1465 497 1577 531 litteris
1589 498 1666 531 Sixti

919 542 1175 584 praedecessoris
1217 546 1401 581 huiusmodi
1424 560 1608 592 expressum
1625 552 1665 584 ad

920 604 990 627 eam
999 606 1171 638 summam,
1186 600 1393 641 quamdictus
1410 603 1469 635 Leo
1482 603 1667 646 praedeces-

918 657 972 681 sor
991 648 1025 682 in
1045 650 1111 684 suis
1132 652 1520 688 litterissacultatiartium
1534 668 1665 690 conces-

918 701 961 734 sis
980 702 1166 737 huiusmodi
1184 707 1348 749 expressit,
1380 709 1491 741 eadem
1526 711 1664 744 auctori-

919 759 982 788 tate
1001 758 1213 799 extendimus,
1240 760 1282 793 ita
1308 766 1413 795 tamen
1435 764 1521 805 quod
1543 763 1665 797 fructus

920 808 1120 852 singulorum
1156 812 1388 847 beneficiorum
1425 816 1664 859 praedictorum

918 863 1060 896 valorem
1080 875 1225 899 annuum
1245 868 1481 912 praescriptum
1501 880 1567 903 non
1577 881 1666 904 exce-

918 916 1014 957 dant;
1036 923 1066 951 et
1086 918 1110 951 si
1130 919 1169 952 ad
1189 919 1510 966 beneficia,qu0rum
1531 924 1665 965 fructus,

918 970 1061 1003 redditus
1082 977 1113 1004 et
1131 975 1445 1016 proventusmaioris
1456 977 1571 1009 valoris
1595 978 1665 1011 sue-

918 1023 994 1064 rint,
1016 1025 1255 1060 nominationes
1275 1033 1306 1060 et
1325 1028 1387 1061 alia
1404 1030 1566 1072 praedicta
1577 1030 1665 1072 fiant,

917 1075 972 1109 illa
997 1078 1107 1111 omnia
1126 1079 1248 1113 nullius
1267 1080 1330 1114 sint
1362 1081 1486 1115 roboris
1514 1084 1562 1116 vel
1595 1094 1665 1117 mo-

917 1130 1029 1163 menti.
1051 1131 1146 1165 Valor
1164 1143 1263 1176 porro
1282 1134 1485 1177 praedictus,
1507 1136 1593 1170 iuxta
1612 1137 1666 1170 de-

916 1183 1124 1218 clarationem
1144 1186 1301 1230 praedicti
1315 1188 1664 1232 Hadrianipraedeces-

916 1236 996 1269 soris
1016 1248 1114 1281 super
1132 1239 1194 1273 hoc
1214 1241 1342 1282 factam,
1355 1242 1450 1274 etiam
1468 1243 1575 1286 quoad
1587 1244 1665 1278 alias

915 1289 1019 1323 dictae
1048 1291 1265 1326 Universitatis
1298 1294 1465 1328 facultates
1498 1296 1664 1331 habendus

915 1342 1125 1387 intelligatur,
1138 1346 1284 1380 videlicet
1290 1358 1475 1391 grossorum
1484 1349 1661 1391 fructuum,

917 1398 1069 1431 oneribus
1088 1409 1154 1432 non
1168 1400 1271 1433 solum
1283 1402 1461 1445 perpetuis,
1483 1403 1663 1447 personali-

917 1450 979 1483 bus
1004 1457 1035 1484 et
1067 1453 1219 1494 realibus,
1249 1454 1304 1487 sed
1327 1454 1422 1488 etiam
1455 1456 1663 1499 pensionibus

915 1504 1032 1538 annuis
1051 1505 1122 1538 aliis
1144 1507 1290 1549 personis
1310 1518 1408 1552 super
1427 1508 1546 1542 eisdem
1567 1509 1663 1543 lene-

915 1555 996 1590 ficiis
1016 1563 1047 1591 et
1071 1558 1184 1592 officiis
1212 1561 1391 1601 reservatis,
1423 1562 1533 1605 siquae
1559 1568 1663 1596 essent

915 1620 1012 1653 super
1041 1611 1104 1645 illis
1133 1618 1323 1655 reservatae,
1350 1620 1381 1648 et
1400 1615 1662 1659 quibuscumque

914 1663 984 1696 aliis
1013 1665 1177 1706 oneribus,
1203 1667 1343 1700 valorem
1370 1668 1548 1709 fructuum,
1580 1680 1661 1712 quos

914 1717 1029 1751 absens
1049 1718 1082 1751 in
1094 1719 1209 1752 Studio
1225 1725 1281 1753 aut
1303 1721 1366 1754 alio
1381 1721 1451 1754 loco
1463 1722 1661 1765 privilegiato

914 1770 1087 1815 reciperet,
1110 1772 1378 1814 diminuentibus,
1400 1775 1493 1818 plene
1514 1780 1543 1807 et
1561 1775 1663 1808 totali-

913 1828 962 1856 ter
978 1824 1134 1866 deductis,
1150 1826 1193 1859 ita
1208 1831 1243 1859 ut
1258 1837 1295 1859 ex
1309 1827 1372 1860 illis
1391 1828 1459 1871 ipse
1479 1828 1661 1861 nominatus

914 1877 947 1909 in
967 1877 1153 1911 huiusmodi
1164 1880 1235 1913 leco
1251 1880 1449 1924 privilegiato
1459 1881 1661 1915 commodius

913 1936 1120 1965 sustentetur.

957 1983 971 2027 ἓ
992 1983 1044 2017 ί10.
1072 1984 1109 2017 Et
1128 1984 1260 2029 insuper
1279 1986 1488 2029 prohibemus
1512 1997 1659 2031 expresse

914 2041 949 2069 ut
974 2037 1184 2080 quicumque,
1217 2039 1454 2073 nominationes
1480 2042 1659 2084 praedictas

913 2100 1000 2122 nunc
1010 2092 1321 2134 etquandocumque
1341 2092 1493 2126 habentes
1516 2099 1571 2127 aut
1585 2104 1661 2138 pro-

915 2149 1097 2186 sequenteS,
1110 2154 1220 2176 earum
1237 2145 1300 2177 iuri
1324 2150 1379 2177 aut
1398 2147 1657 2190 prosequutioni‚

914 2196 977 2229 sive
997 2196 1186 2240 simpliciter
1205 2197 1268 2230 sive
1288 2198 1376 2238 alias,
1389 2197 1421 2230 in
1430 2198 1660 2243 cuiusvisfavo-

914 2258 983 2281 rem
1003 2251 1186 2282 nullatenus
1219 2251 1332 2284 cedere
1354 2251 1498 2294 possint;
1526 2254 1614 2297 quod
1633 2253 1658 2287 si

914 2300 1058 2342 fecerint,
1079 2302 1236 2335 cessiones
1256 2303 1560 2339 huiusmodinullae
1580 2305 1656 2346 sint,

915 2358 945 2385 et
965 2355 1113 2387 cedentes
1146 2356 1183 2388 ad
1204 2355 1326 2389 futuras
1346 2358 1476 2391 omnino
1501 2358 1659 2394 inhabiles

915 2409 1106 2436 censeantur
1125 2414 1162 2437 eo
1183 2404 1273 2447 ips0;
1296 2406 1344 2438 ius
1368 2412 1474 2439 tamen
1494 2408 1599 2452 ipsum
1625 2410 1657 2442 in

915 2452 1047 2485 rectoris
1067 2458 1097 2485 et
1116 2453 1342 2496 deputatorum
1371 2455 1588 2491 Universitatis
1604 2484 1612 2498 ,
1632 2458 1657 2490 si

915 2499 954 2531 ab
980 2501 1070 2542 illis;
1096 2501 1121 2534 si
1148 2513 1222 2535 vero
1255 2514 1273 2535 a
1297 2503 1418 2537 decano
1447 2510 1477 2537 et
1497 2506 1658 2549 deputatis

915 2549 1046 2589 artium,
1069 2560 1180 2583 eorum
1201 2551 1349 2586 manibus
1365 2554 1538 2597 respective
1550 2556 1658 2589 remit-

917 2602 981 2630 tere
990 2605 1133 2641 possunt.

1679 232 1730 261 An.
1748 233 1776 262 C.
1796 234 1860 262 1572

1705 404 1860 430 pririloczlnrum

1680 437 1795 463 ampliatio.

1688 2006 1800 2027 cessiones
1818 2010 1856 2027 no-

1673 2038 1809 2059 minationum
1823 2042 1856 2059 vo-

1674 2071 1751 2088 tantur.
