2059 3228
102 277 146 304 An
172 276 287 305 (3.1536
345 260 408 294 760

104 339 161 359 none
172 338 285 359 imum,
300 321 502 365 ‚apostolicae
517 319 647 352 licentia
661 318 807 362 speciali,
820 318 886 352 ulla
898 330 1045 353 commu-

101 370 285 421 §fflffzjssln‘ssffffij
299 375 442 406 nitas-aut
453 371 653 411 universitas,
667 382 703 404 ex
714 381 920 416 quacumque
940 382 1045 411 eausa,

101 437 150 458 suo
171 435 282 458 nequeam-
298 427 392 459 etiam
414 425 601 465 iustissima,
625 425 850 468 urgentissima
871 431 900 459 et
913 426 1045 459 omnino

298 480 490 520 necessaria,
506 479 583 512 etin
604 478 784 512 evidentem
806 479 977 512 utilitatem
989 485 1045 512 aut

296 532 532 573 necessitatem,
552 533 636 565 bona
649 543 706 565 sua
719 532 899 566 immobilia
911 533 1046 566 seuiura

297 586 496 630 percipiendi
529 596 754 630 quoscumque
785 586 921 628 fruetus,
961 586 1045 619 redi-

298 645 358 680 tus,
372 645 547 683 proventus
557 650 594 672 ac
614 639 765 673 introitus
775 650 912 681 annuos,
933 639 1046 672 distra-

296 694 364 733 hat,
392 694 518 735 vendat,
549 693 663 737 quovis
681 693 780 726 modo
800 693 926 734 alienet,
947 694 1047 737 hypo-

297 746 423 787 thecet,
454 752 509 780 aut
540 758 639 792 super
676 747 741 780 illis
774 757 889 780 census
922 757 1046 779 annuos

295 806 394 841 creet,
421 800 566 844 imponat
594 811 650 834 seu
669 800 798 841 vendat,
819 800 868 833 vel
894 800 949 833 illa
969 800 1047 832 alias

295 864 393 897 quam
412 854 538 887 ratione
553 854 734 895 locationis,
755 864 813 887 nec
830 854 915 887 ultra
932 853 1046 887 decen-

296 908 399 949 nium,
413 908 510 942 alicui
522 907 713 952 obligationi
724 908 771 941 vel
783 907 982 952 hypothecae
991 918 1045 940 su-

294 961 404 994 biiciat
418 967 473 995 aut
488 967 660 1006 supponat,
681 971 788 1005 neque
808 961 905 994 etiam
926 961 1043 1001 mutui,

294 1015 431 1059 depositi
456 1016 504 1049 vel
533 1015 611 1049 alias
645 1025 852 1059 quocumque
878 1014 986 1054 titulo,
1014 1013 1046 1046 in

295 1079 363 1102 rem
394 1080 454 1103 nee
487 1070 520 1103 in
553 1079 744 1113 personam,
778 1068 964 1101 immediate
998 1067 1045 1100 vel

294 1133 352 1166 per
380 1123 603 1168 interpositam
631 1133 802 1167 personam
833 1132 866 1155 se
903 1121 1043 1164 obliget,

294 1182 350 1209 aut
369 1177 602 1221 quoquomodo
626 1187 700 1210 aere
720 1176 827 1209 alieno
854 1186 886 1208 se
907 1175 1047 1208 obstrin-

295 1236 360 1274 gat.

339 1286 354 1328 ἓ
378 1283 409 1317 6.
437 1284 497 1317 Pro
523 1283 586 1316 alio
612 1294 687 1317 vero
707 1293 915 1327 quocumque
941 1283 1047 1316 incola

140 1364 282 1385 communitas
294 1349 350 1372 seu
378 1338 554 1381 originario
580 1338 630 1371 vel
658 1337 792 1378 sorensi,
825 1343 879 1370 aut
904 1334 1046 1370 vicissim

97 1400 141 1447 {³:3³
163 1396 282 1447 ⁶:122&ssss
295 1393 487 1426 universitas
515 1403 572 1426 seu
599 1391 816 1426 communitas
835 1402 900 1425 una
921 1402 979 1435 pro
1000 1392 1046 1424 al-

97 1458 206 1479 damum.
298 1453 377 1489 tera,
401 1458 606 1492 nequaquam
626 1457 663 1480 ex
683 1446 793 1491 quavis
813 1446 982 1480 occasione
1000 1446 1046 1479 vel

296 1513 392 1535 causa
412 1512 568 1545 umquam
592 1501 781 1542 fideiuheat,
804 1506 860 1534 aut
882 1506 1046 1544 tamquam

296 1555 484 1600 principalis
511 1555 636 1589 alienae
668 1554 857 1599 obligationi
899 1565 1046 1598 quoquo-

296 1609 393 1644 modo
413 1610 558 1643 accedat.

341 1664 356 1707 ἓ
391 1663 421 1696 7.
454 1664 668 1697 Decernentes
696 1662 908 1696 nihilominus
936 1673 1048 1695 omnes

110 1743 286 1770 mumma*
298 1724 330 1751 et
349 1719 490 1761 singulas
510 1717 747 1759 distractiones,
761 1717 981 1758 alienationes,
994 1717 1048 1761 hy-

97 1772 465 1827 25332⁰⁰²⁵122¹JAP0¹¹¹²C³⁵’
497 1771 740 1813 tideiussiones‚
768 1771 980 1812 accessiones,
1014 1781 1048 1803 e-

301 1825 378 1859 tiam
409 1837 483 1859 eum
509 1825 653 1860 clausula
685 1825 908 1869 principaliter
927 1825 959 1857 in
976 1825 1049 1858 soli-

300 1881 389 1922 dum,
410 1890 537 1914 necnon
557 1880 604 1914 uti
624 1880 832 1925 principales,
855 1885 887 1913 et.
901 1885 965 1912 tam
977 1890 1050 1924 per-

99 1837 271 1858 constitutionem

100 1869 126 1889 de
163 1871 237 1888 cetero
274 1873 285 1887 a

100 1898 285 1920 communitatibus

100 1931 174 1957 quovis
185 1930 252 1953 mutto,
261 1934 286 1949 e—

100 1961 149 1981 tiam
172 1962 191 1979 in
214 1966 285 1980 earum

101 1991 287 2042 ffliwtfuffhgffi
300 1988 513 2031 obligationes
543 1993 575 2021 et
604 1988 836 2032 promissiones
862 1998 899 2020 ac
928 1998 1049 2020 renun-

102 2037 207 2074 invalidae
223 2054 264 2074 sini
301 2042 455 2074 ciationes
468 2047 500 2074 et
517 2047 609 2085 pacta
626 2042 665 2074 de
682 2052 748 2074 non
770 2041 910 2085 petendo
932 2041 1049 2074 libera-

302 2096 425 2129 tionem
454 2101 486 2128 et
522 2095 762 2139 exemptionem
794 2094 981 2127 huiusmodi
1017 2094 1050 2127 in

300 2150 364 2181 vim
385 2149 564 2194 supradicti
584 2148 686 2182 nostri
708 2148 849 2181 mandati
869 2154 901 2181 et
920 2158 1050 2192 pracee-

301 2203 360 2248 pti,
381 2214 440 2248 per
463 2203 565 2236 dictas
586 2203 810 2236 universitates
831 2213 884 2235 seu
903 2212 1049 2235 eonuuu-

302 2258 419 2290 nitates
438 2268 589 2291 earumve
613 2263 842 2302 procuratores
869 2262 926 2289 ant
950 2255 1049 2298 magi-

302 2317 434 2352 stratus,
465 2311 563 2344 etiam
589 2310 719 2354 speciali
747 2310 784 2343 ad
811 2310 843 2342 ist
864 2309 1050 2342 mandatum

304 2365 469 2405 habentes,
503 2365 598 2398 etiam
632 2364 665 2397 in
695 2363 845 2408 ampliori
871 2364 973 2396 torma
997 2362 1052 2396 Ca-

304 2429 411 2451 merae
430 2418 644 2462 Apostolicae,
672 2428 744 2450 cuni
771 2417 951 2450 iuramento
976 2427 1050 2449 cen-

304 2477 475 2506 surarum,
506 2478 542 2500 ae
572 2467 713 2500 mandati
743 2466 927 2509 exequutivi
955 2465 1051 2498 etiam

305 2515 522 2558 susceptione,
545 2521 577 2549 et
596 2515 707 2559 quavis
725 2515 951 2555 subtilissime,
978 2526 1053 2547 cau-

307 2564 369 2595 tela
395 2569 427 2596 et
456 2564 680 2606 promissione,
703 2564 798 2597 etiam
819 2566 934 2605 iurata,
957 2574 994 2596 ac
1014 2564 1053 2596 de

306 2622 370 2644 non
392 2612 512 2645 utendo
532 2613 675 2646 remedio
692 2614 911 2657 praesentium
928 2620 1053 2646 nostra-

307 2671 378 2696 rum
413 2661 593 2697 litterarum
622 2662 709 2696 ultro
730 2668 761 2697 et
789 2667 915 2707 sponte,
939 2673 994 2695 scu
1015 2661 1079 2711 ad⁴

917 266 1094 292 ntttitntmtut
1114 268 1263 292 ROMANUM

300 1935 426 1967 sonales
436 1945 533 1978 quam
553 1934 655 1968 reales
675 1940 706 1967 et
726 1934 805 1966 alias
829 1944 1049 1977 quascumque
1068 1949 1070 1952 ⁴

1088 331 1199 364 preces
1223 327 1254 354 et
1273 321 1457 356 instantiam
1484 333 1521 356 ac
1548 325 1755 359 commodum
1783 325 1832 358 vel

1088 374 1261 407 utilitatem
1282 376 1420 409 aliorum
1431 379 1834 423 quocumquemodopost-

1087 427 1146 460 hac
1166 428 1339 470 faciendas,
1357 429 1417 462 sub
1438 430 1699 474 quibuscumque
1718 433 1832 466 verbo-

1088 491 1159 513 rum
1191 482 1339 515 formulis
1370 489 1400 516 et
1424 484 1576 517 clausulis
1605 484 1701 518 etiam
1729 485 1834 519 effica-

1087 534 1222 569 cissimis
1251 541 1282 569 et
1309 536 1455 577 insolitis,
1479 537 1706 581 concipiendas
1731 543 1761 572 et
1784 538 1833 572 in-

1087 593 1263 622 strumenta
1279 590 1418 634 desuper
1431 590 1642 630 conficienda,
1652 591 1744 624 etiam
1756 602 1833 634 gita-

1087 643 1268 685 rentigiata,
1284 644 1398 684 iurata,
1423 645 1470 677 vel
1491 644 1567 678 alias
1587 645 1645 677 sub
1665 645 1750 678 dicta
1772 645 1836 678 sor-

1088 707 1137 729 ma
1148 695 1299 731 Gamerae
1310 698 1512 742 Apostolicae
1522 699 1832 739 celebranda,nulla,

1086 751 1175 784 irrita
1196 756 1226 784 et
1246 752 1395 793 invalida,
1422 753 1609 796 nulliusque.
1640 752 1764 785 roboris
1786 753 1834 786 vel

1088 807 1241 839 momenti
1262 818 1328 840 esse
1349 813 1404 840 aut
1424 808 1502 848 fore,
1521 808 1641 840 nullam
1670 807 1767 840 fidem
1792 807 1836 840 sa-

1088 870 1172 901 cere,
1204 871 1309 905 neque
1346 861 1445 894 ullam
1475 861 1635 894 actionem
1665 865 1720 894 ant
1747 871 1838 894 exee-

1088 914 1230 957 ptionem
1251 920 1307 947 aut
1324 914 1469 947 officium
1490 914 1618 955 iudicis,
1633 925 1740 957 neque
1757 914 1837 948 obli-

1086 969 1246 1012 gationem
1259 968 1384 1001 civilem
1394 979 1450 1001 seu
1460 969 1638 1001 naturalem
1649 979 1773 1012 parere,
1788 967 1838 1002 vel

1088 1023 1190 1055 ullum
1213 1023 1345 1055 omniuo
1370 1022 1520 1056 effectum
1542 1027 1596 1055 ant
1614 1022 1697 1055 vires
1716 1022 1836 1055 habere

1088 1086 1191 1120 posse,
1217 1077 1271 1109 sed
1292 1087 1397 1120 neque
1423 1077 1508 1120 ipsas
1537 1076 1786 1110 communitates
1806 1073 1848 1109 etl

1089 1130 1319 1171 universitates,
1338 1130 1434 1163 etiam
1455 1130 1481 1163 si
1499 1130 1530 1163 id
1550 1141 1658 1171 omne,
1680 1130 1766 1174 quod
1780 1140 1835 1173 ge-

1087 1189 1172 1216 stum
1193 1189 1250 1223 est,
1273 1184 1306 1217 in
1319 1194 1431 1217 eorum
1446 1184 1615 1217 utilitatem
1626 1194 1752 1217 versum
1768 1193 1836 1217 esse

1087 1237 1278 1277 constiterit,
1301 1237 1367 1270 ullo
1388 1237 1484 1270 modo
1505 1242 1560 1270 aut
1571 1237 1777 1279 obligationis
1787 1237 1836 1271 vel

1088 1292 1260 1324 iuramenti
1301 1291 1431 1324 vinculo
1474 1291 1589 1324 teneri.
1625 1291 1663 1324 Et
1698 1290 1742 1324 ita
1778 1301 1838 1335 per

1087 1355 1311 1389 quoscumque
1337 1344 1473 1378 iudicari
1496 1350 1526 1377 et
1546 1344 1675 1377 definiri
1695 1344 1835 1384 debere;

1089 1399 1214 1432 irritum
1236 1409 1367 1442 quoque
1395 1403 1423 1431 et
1451 1399 1544 1431 inane
1565 1397 1721 1442 quicquid
1745 1408 1837 1432 secus

1087 1463 1186 1496 super
1205 1452 1256 1485 his
1275 1464 1292 1485 a
1312 1462 1489 1496 quoquam,
1511 1451 1621 1496 quavis
1632 1450 1834 1492 auctoritate,

1088 1506 1226 1539 scienter
1255 1507 1303 1539 vel
1324 1505 1522 1549 ignoranter,
1545 1504 1715 1549 contigerit
1733 1509 1836 1538 atten-

1088 1560 1159 1593 tari.

1132 1614 1146 1657 ἓ
1171 1613 1201 1648 8.
1230 1615 1273 1647 Ac
1293 1624 1333 1646 ne
1363 1613 1490 1647 easdem
1513 1614 1760 1646 communitates
1779 1623 1836 1646 seu
1867 1620 1983 1657 (ὶοιτπνιπκιιι

1089 1669 1165 1701 univ
1167 1668 1312 1701 ersitates
1332 1667 1516 1712 sumptibus
1535 1667 1668 1700 minime
1687 1677 1835 1700 necessa·
1847 1654 1985 1710 ffiifwims

1091 1722 1144 1755 riis
1159 1722 1296 1755 nimium
1322 1721 1447 1765 giaia1i
1468 1720 1642 1764 contingat,
1656 1719 1837 1754 distlictius
1847 1713 1968 1766 ξῗὴζζζζζ

1091 1775 1312 1808 interdicimus
1332 1785 1446 1818 nequa
1458 1774 1672 1807 communitas
1691 1778 1747 1807 aut
1762 1773 1836 1807 uni·
1851 1781 1897 1800 iere
1921 1781 1964 1804 neq
1981 1778 1987 1803 ἒ
2015 1783 2018 1798 1·

1090 1828 1222 1862 versitas
1242 1839 1277 1862 ex
1298 1827 1471 1872 praedietis
1493 1828 1616 1870 legatos
1642 1826 1705 1860 sive
1730 1832 1838 1861 orato-

1091 1893 1141 1915 res
1154 1882 1192 1915 ad
1205 1893 1264 1916 nos
1283 1887 1316 1915 et
1335 1881 1449 1915 Sedem
1462 1880 1694 1925 Apostolicam,
1708 1891 1745 1914 ex
1762 1891 1842 1925 qua-

1091 1946 1243 1980 cumque,
1270 1936 1366 1969 etiam
1398 1934 1526 1979 urgenti
1555 1939 1586 1968 et
1615 1933 1764 1968 similiter
1787 1944 1842 1968 ne—

1091 1989 1230 2023 cessaria
1247 2000 1285 2022 ae
1305 1989 1378 2022 utili
1396 1988 1566 2022 occasione
1578 1988 1842 2029 veleausa,sum·

1092 2043 1200 2086 ptibus
1229 2043 1367 2087 publicis
1395 2043 1511 2083 mittat,
1531 2052 1611 2075 nere
1635 2041 1708 2085 quis
1726 2041 1840 2074 huius-

1092 2096 1178 2130 modi
1217 2107 1336 2129 munus
1369 2096 1465 2130 obeat
1491 2095 1539 2129 vel
1573 2095 1747 2139 suscipiat,
1780 2092 1842 2128 nisi

1092 2149 1183 2194 prius
1202 2149 1299 2183 simili
1319 2149 1449 2183 lieentia
1465 2160 1483 2182 a
1497 2148 1590 2182 nobis
1612 2147 1661 2181 vel
1680 2158 1740 2192 pro
1759 2152 1842 2181 tem-

1091 2214 1169 2247 pore
1198 2203 1351 2236 existente
1375 2203 1520 2236 Romano
1550 2201 1704 2235 Pontifice
1727 2200 1777 2234 vel
1797 2200 1844 2234 di-

1092 2263 1142 2291 eta
1156 2257 1302 2298 Camera,
1325 2263 1358 2290 ut
1380 2257 1571 2301 praefertur,
1591 2256 1735 2296 obtenta3
1751 2265 1843 2288 revo-

1092 2316 1200 2344 cantes
1233 2321 1345 2344 omnes
1378 2310 1434 2354 qui
1463 2309 1502 2342 ad
1526 2320 1678 2354 praesens
1697 2307 1842 2353 deputati

1093 2364 1311 2407 leperiuntui

1136 2417 1206 2461 §.9
1233 2416 1324 2455 Quod
1359 2416 1383 2449 si
1415 2416 1487 2460 quis
1512 2416 1718 2460 magistiatus
1743 2413 1842 2448 dicta—
1865 2419 1985 2443 Contrave
2040 2442 2041 2456 ἶ

1093 2476 1164 2499 lun]
1204 2465 1474 2498 communitatum
1513 2466 1561 2498 vel
1595 2464 1840 2498 universitatum
1851 2456 1986 2506 ζῗίῃιωω
2024 2463 2026 2466 ’

1094 2515 1191 2549 suerit
1212 2526 1270 2555 ne:¹
1256 2514 1378 2557 lig-ens
1394 2514 1501 2557 quoad
1522 2513 1680 2547 utendum
1698 2513 1840 2547 remedio

1095 2541 1318 2608 praesentium
1331 2564 1509 2596 litterarum
1527 2567 1555 2595 et
1572 2561 1746 2605 petendum
1767 2570 1841 2594 suas

1096 2613 1343 2646 communitates
1362 2612 1407 2645 vel
1429 2610 1653 2644 universitates
1672 2609 1711 2643 ab
1726 2609 1794 2654 ipsa
1805 2608 1842 2641 fi-

1096 2662 1279 2698 deiussione
1295 2661 1342 2696 vel
1365 2660 1558 2705 obligatione
1582 2657 1679 2693 eximi
1707 2663 1740 2692 et
1760 2656 1841 2692 lihe-
