2059 3228
360 190 423 224 596

312 250 482 291 facultatis,
505 250 537 283 in
557 261 618 293 qua
639 251 799 284 voluerint
811 251 1008 295 promoveri,
1021 250 1061 283 ad

313 304 374 337 hoc
384 303 589 347 praesentati,
603 308 634 335 et
647 303 753 336 debito
766 304 894 347 praevio
901 304 1059 345 examine,

312 355 533 389 assistentibus
552 355 672 389 ibidem
693 356 855 400 aliquibus
875 358 1062 391 doctoribus

311 420 368 442 seu
388 409 549 451 magistris
568 409 600 442 in
614 410 726 443 eadem
739 411 890 444 facultate
901 411 945 444 ibi
957 412 1063 455 legen-

310 461 406 501 tibus,
425 462 473 494 vel
494 461 532 494 de
552 462 676 505 gremio
693 463 851 506 praedicti
863 465 990 508 collegii
1003 465 1061 498 do-

310 521 438 548 ctorum
459 515 561 558 ipsius
581 516 714 549 civitatis
734 517 903 552 Firmanae
923 518 1061 552 existen-

310 568 408 608 tibus,
431 568 571 612 desuper
594 569 753 611 faciendo,
772 581 809 603 ac
824 571 915 612 alias,
932 572 1063 605 servatis

309 621 483 662 servandis,
512 621 621 655 idonei
645 623 765 667 reperti
795 623 932 665 fuerint,
959 635 977 657 a
1003 636 1062 669 pro

309 679 456 718 tempore
476 674 628 719 episcopo
643 677 794 710 Firmano
814 688 869 711 seu
889 678 959 711 eius
977 678 1062 712 vica-

310 727 360 760 rio
380 727 413 761 in
434 729 658 772 spiritualibus
677 731 819 774 generali
835 737 891 765 aut
903 742 1061 775 quocum-

309 791 373 824 que
401 781 478 823 alio,
512 793 610 826 quem
643 784 683 817 ad
709 784 772 818 hoc
796 785 864 829 ipse
888 785 1062 830 episcopus

309 834 436 868 duxerit
455 836 689 880 deputandum;
712 838 797 872 dicta
823 849 898 873 vero
923 840 1062 873 ecclesia

309 887 460 922 Firmana
478 900 537 933 pro
557 896 703 935 tempore
722 899 851 936 pastore
866 899 1006 934 carente,
1022 894 1062 927 ab

309 952 347 975 eo
367 942 423 986 qui
443 953 502 987 per
521 945 697 988 capitulum
718 947 873 980 ecclesiae
892 947 1062 981 Firmanae

309 994 495 1029 huiusmodi
516 997 688 1041 deputatus
710 999 816 1039 suerit,
836 999 952 1033 emissa
971 1001 1063 1044 prius

309 1059 368 1092 per
383 1051 618 1093 promovendos
643 1052 830 1086 huiusmodi
850 1053 883 1086 in
908 1053 977 1087 eius
997 1065 1063 1087 ma-

310 1101 404 1135 nibus
437 1102 513 1136 fidei
537 1104 715 1138 catholicae
747 1107 945 1148 professione
974 1107 1062 1140 iuxta

309 1155 464 1189 articulos
488 1157 613 1201 pridem
639 1169 657 1191 a
681 1159 763 1192 Sede
801 1160 986 1203 Apostolica
1022 1161 1061 1194 ad

308 1209 372 1242 hoc
408 1211 591 1254 propositos
630 1222 666 1244 ac
697 1213 834 1245 sormam
876 1224 974 1257 quam
1002 1213 1062 1247 sub

308 1261 398 1295 bulla
414 1269 524 1296 nostra
549 1263 701 1298 mittimus
726 1265 948 1307 introclusam,
973 1267 1061 1311 ipso-

307 1326 382 1348 rum
402 1317 561 1360 graduum
582 1318 675 1351 solita
693 1318 829 1361 insignia
848 1320 1008 1364 recipere,
1021 1320 1060 1353 il-

308 1369 405 1412 laque
425 1371 483 1403 sibi
510 1371 653 1405 exhiberi
678 1373 794 1406 facere.

353 1424 368 1466 ἓ
389 1423 421 1456 8.
443 1424 588 1464 Necnon,
612 1431 779 1469 postquam
800 1426 1062 1471 huiusmodigra-

148 1492 252 1512 promotis
274 1492 295 1512 ιη
309 1477 369 1510 dus
383 1482 414 1510 et
428 1477 559 1511 illorum
572 1479 709 1521 insignia
725 1480 939 1523 susceperint,
959 1481 1061 1514 sacul-

113 1523 295 1581 fissqfffflgeffl
309 1535 400 1571 tates,
423 1531 456 1563 in
472 1531 591 1574 quibus
608 1533 746 1575 promoti
766 1533 896 1574 suerint,
913 1535 1061 1568 ubicum—

114 1588 156 1607 ἐκ
179 1585 290 1611 012‘51‘11‘·
308 1595 382 1627 que,
393 1585 513 1627 absque
523 1585 586 1618 alio
599 1586 745 1619 examine
757 1587 1060 1631 velapprobatione‚

309 1638 416 1680 legere
438 1643 468 1670 et
487 1638 705 1682 interpretari,
723 1651 760 1672 ac
776 1640 808 1672 in
824 1641 869 1673 eis
883 1641 1058 1685 disputare,

309 1702 436 1725 necnon
456 1702 677 1736 quoscumque
697 1694 777 1726 alios
796 1695 913 1737 gradus
933 1706 992 1739 per
1007 1707 1062 1729 eos

310 1752 457 1788 receptos
482 1751 512 1778 et
535 1747 761 1779 convenientes
786 1758 934 1781 exercere
959 1749 1061 1783 libere

310 1804 341 1832 et
350 1798 435 1832 licite
455 1799 589 1839 valeant,
602 1800 791 1833 auctoritate
801 1806 831 1833 et
846 1806 957 1835 tenore
969 1813 1062 1846 prae·

310 1851 414 1891 dictis,
437 1853 476 1885 de
496 1853 626 1896 speciali
646 1853 747 1896 gratia
763 1854 980 1898 indulgemus,
998 1856 1061 1889 sic-

310 1917 373 1948 que
394 1906 489 1939 etiam
514 1907 685 1940 statuimus
706 1913 736 1940 et
756 1908 955 1942 ordinamus.

354 1959 418 2001 §a
441 1960 571 1993 Necnon
596 1961 801 1994 Unive1sitati
830 1962 932 1995 Studii
962 1973 1060 2005 gene-

159 2023 199 2044 no
203 2025 242 2044 m
254 2028 296 2044 s-ia
310 2013 385 2045 lalis
405 2013 547 2046 Firmani
568 2014 1060 2060 acillius1ectoriprotempo1e

114 2060 223 2112 3,”{,³d,'0'{','
225 2058 389 2107 ¹25„¹d,{exist
393 2067 470 2107 enti,
511 2078 569 2110 p1o
600 2068 720 2100 salubri
749 2074 779 2101 et
806 2068 891 2102 felici
916 2070 1059 2103 eiusdem

116 2118 296 2169 ζξέῑᾞζῡιᾞῇ·
311 2120 529 2153 Universitatis
549 2121 729 2162 Firmanac,
752 2133 788 2155 ac
808 2122 895 2156 illius
908 2134 1060 2167 persona-

312 2184 398 2214 1um‚
410 2185 531 2214 lerum,
544 2175 704 2208 bonorum
716 2175 875 2208 etiurium
888 2177 1057 2219 regimine,

311 2225 487 2259 directione
495 2233 526 2259 et
541 2227 793 2269 conservatione,
812 2229 923 2272 reique
939 2229 1060 2263 littera-

311 2277 378 2311 riae
416 2290 600 2322 progressu,
631 2292 858 2324 quaecumque
886 2288 1004 2316 statuta
1030 2290 1061 2316 et

313 2331 544 2373 ordinationes,
566 2333 653 2366 licita
673 2339 779 2367 tamen
800 2340 831 2368 et
861 2335 993 2369 honesta
1024 2347 1061 2370 ac

313 2380 410 2412 sacris
427 2381 606 2414 canonibus
624 2388 654 2415 et
673 2383 749 2416 dicti
770 2384 898 2417 concilii
924 2384 1060 2418 decretis

314 2438 377 2460 non
399 2430 571 2467 contraria,
599 2432 644 2464 eis
672 2432 830 2473 benevim,
860 2443 878 2465 a
904 2433 1060 2467 moderno

314 2481 345 2508 et
356 2487 412 2518 pro
425 2483 551 2521 tempor
553 2490 569 2512 e
581 2480 734 2513 existente
747 2481 898 2525 episcopo
910 2482 963 2514 Fit
965 2493 1060 2516 mano

313 2525 524 2559 examinanda
557 2534 587 2560 ct
617 2529 837 2572 appiobanda‚
886 2530 1058 2571 condendi,

118 198 171 227 An.
189 197 217 226 C.
232 199 300 228 1585

906 198 1085 225 BULLARIUM
1104 197 1256 222 ROMANUM

1102 253 1301 293 temporum,
1322 249 1483 289 locorum,
1501 258 1714 293 personarum
1732 249 1782 282 vel
1802 258 1851 281 re-

1102 312 1176 335 rum
1200 307 1256 335 aut
1275 302 1356 335 aliae
1376 301 1545 345 qualitates
1575 302 1749 346 exegerint,
1777 313 1851 335 mu-

1102 354 1204 396 tandi,
1226 355 1409 398 corrigendi
1429 361 1460 389 et
1478 355 1688 395 reformandi,
1703 366 1741 389 ac
1755 355 1851 389 etiam

1103 408 1287 442 declarandi
1308 414 1339 442 et
1365 409 1610 453 interpretandi,
1640 408 1768 453 illisque
1795 408 1851 441 ad-

1103 461 1200 495 dendi
1217 467 1248 496 et
1266 462 1446 503 minuendi,
1464 473 1520 496 seu
1541 462 1636 496 etiam
1650 463 1731 496 eain
1747 467 1854 496 totum·

1103 515 1293 558 abrogandi,
1316 526 1353 549 ac
1373 516 1436 549 alia
1454 516 1586 549 illorum
1611 516 1683 549 loco
1707 515 1747 549 de
1770 526 1852 549 novo

1104 568 1221 602 edendi
1231 573 1263 602 et
1278 568 1434 609 faciendi,
1448 579 1531 612 quae
1546 568 1668 609 omnia,
1681 573 1852 612 postquam

1103 633 1162 666 pro
1181 628 1328 667 tempore
1356 623 1496 664 condita,
1529 628 1663 662 mutata,
1693 627 1851 663 correcta,

1103 676 1289 717 reformata,
1311 676 1481 717 declarata,
1506 675 1729 720 interpretata,
1759 679 1854 709 aucta

1102 730 1152 763 vel
1172 729 1331 763 diminuta
1350 735 1381 764 et
1399 731 1438 763 de
1458 740 1540 763 novo
1560 729 1644 763 edita
1663 729 1795 771 fuerint,
1812 728 1853 763 ab

1103 783 1267 817 ordinario
1287 783 1350 817 loci
1369 784 1418 817 vel
1438 794 1496 827 pro
1526 788 1674 827 tempore
1701 782 1853 816 existente

1103 835 1247 870 Romano
1267 837 1422 870 Pontifice
1440 836 1614 881 approbari
1625 836 1773 877 debeant,
1787 836 1854 880 ple-

1103 899 1178 922 nam
1199 894 1230 923 et
1239 890 1376 923 liberam
1387 891 1571 923 facultatem
1585 889 1853 924 etauctoritatem

1103 943 1315 976 concedimus
1335 948 1365 976 et
1381 943 1601 986 impartimur.

1146 996 1161 1039 ἓ
1189 996 1242 1030 10.
1270 996 1486 1030 Decernentes
1513 1001 1697 1040 praesentes
1716 996 1851 1037 litteras,

1103 1049 1199 1082 etiam
1219 1060 1257 1083 ex
1277 1060 1314 1083 eo
1341 1050 1429 1094 quod
1460 1049 1691 1091 Pactuanensis,
1723 1049 1853 1083 Perusi-

1102 1103 1223 1143 nensis,
1244 1103 1394 1136 Senensis
1413 1108 1443 1136 et
1466 1103 1691 1137 Maceratensis
1720 1107 1752 1136 et
1773 1103 1854 1137 alia-

1103 1167 1176 1189 rum
1187 1156 1434 1190 Universitatum
1446 1157 1684 1201 praedictarum
1697 1162 1850 1199 rectoreS,

1103 1209 1268 1251 officiales,
1290 1211 1452 1251 doctores,
1472 1210 1669 1254 professores
1688 1211 1854 1245 seulecto-

1102 1274 1165 1304 res,
1191 1270 1432 1308 procuratores,
1467 1264 1664 1305 defensores,
1689 1268 1852 1308 protecto-

1102 1328 1154 1351 res
1171 1317 1220 1350 vel
1237 1322 1366 1361 agentes
1386 1322 1441 1350 aut
1453 1317 1530 1351 alias
1544 1318 1788 1362 quomodolibet
1801 1317 1852 1351 in-

1102 1374 1222 1404 teresse
1241 1370 1397 1404 habentes
1415 1370 1463 1403 vel
1483 1375 1644 1414 putantes,
1667 1371 1707 1404 ad
1725 1371 1788 1404 hoc
1799 1380 1853 1404 vo-

1102 1423 1164 1457 cati
1183 1435 1248 1457 non
1268 1424 1402 1465 fuerint,
1424 1429 1480 1457 aut
1504 1435 1541 1457 ex
1566 1424 1675 1467 quavis
1702 1425 1752 1458 vel
1778 1424 1852 1468 qui-

1102 1477 1209 1511 busvis
1228 1477 1299 1510 aliis
1318 1478 1435 1518 causis,
1458 1477 1685 1511 occasionibus
1699 1478 1749 1511 vel
1759 1487 1853 1522 prae-

1104 1531 1252 1572 textibus,
1272 1532 1311 1565 de
1331 1531 1549 1575 subreptionis
1578 1532 1625 1564 vel
1651 1530 1852 1575 obreptionis

1102 1590 1157 1618 aut
1175 1585 1331 1618 nullitatis
1350 1584 1439 1624 vitio,
1457 1584 1713 1617 seuintentionis
1723 1589 1852 1618 nostrae

1102 1639 1149 1672 vel
1169 1638 1282 1682 quovis
1301 1638 1365 1672 alio
1383 1638 1509 1671 defectu
1537 1637 1642 1671 notari
1669 1638 1718 1671 vel
1742 1638 1851 1682 impu-

1101 1692 1204 1736 gnari,
1223 1697 1279 1726 aut
1297 1692 1376 1725 alias
1395 1691 1525 1735 infringi
1544 1692 1592 1724 vel
1607 1691 1852 1735 quomodolibet

1102 1747 1281 1787 retractari,
1291 1757 1347 1779 seu
1359 1745 1454 1779 etiam
1466 1756 1525 1789 per
1533 1755 1591 1778 nos
1601 1756 1638 1778 ac
1648 1755 1849 1779 successores

1101 1805 1228 1833 nostros
1251 1799 1412 1833 Romanos
1432 1798 1603 1832 Pontifices
1626 1809 1686 1841 pro
1704 1803 1850 1842 tempore

1101 1853 1282 1894 existentes,
1303 1858 1359 1886 aut
1369 1852 1483 1886 Sedem
1496 1852 1684 1896 praefatam,
1697 1851 1748 1885 vel
1763 1851 1850 1884 illius

1101 1907 1233 1951 legatos,
1255 1906 1351 1940 etiam
1369 1906 1407 1939 de
1426 1906 1536 1945 latere,
1557 1910 1613 1938 aut
1627 1915 1850 1949 quoscumque

1101 1960 1192 2001 alios,
1207 1960 1318 2004 quavis
1328 1958 1848 2002 auctoritaterevocari,suspendi,

1101 2013 1264 2056 restringi,
1285 2013 1417 2046 limitari
1436 2013 1484 2045 vel
1505 2012 1550 2045 eis
1570 2012 1603 2044 in
1622 2011 1732 2055 aliquo
1756 2012 1849 2045 dero-

1100 2067 1169 2110 gari
1187 2068 1373 2100 nullatenus
1389 2076 1544 2110 umquam
1564 2076 1669 2109 posse,
1695 2065 1752 2099 sed
1778 2064 1850 2098 illas

1101 2131 1229 2164 semper
1254 2126 1285 2153 et
1316 2125 1473 2164 perpetuo
1501 2119 1620 2152 validas
1649 2124 1680 2152 et
1703 2118 1849 2152 efficaces

1101 2174 1236 2207 existere
1256 2179 1287 2207 et
1297 2174 1376 2213 fore,
1389 2184 1530 2216 suosque
1544 2172 1706 2216 plenarios
1716 2172 1849 2205 effectus

1101 2227 1208 2260 sortiri
1237 2233 1267 2260 et
1293 2227 1450 2267 obtinere,
1482 2237 1519 2259 ac
1551 2226 1591 2258 ab
1620 2225 1783 2265 omnibus,
1807 2224 1848 2258 ad

1101 2291 1182 2323 quos
1206 2285 1327 2324 spectat
1346 2285 1376 2312 et
1391 2279 1546 2323 spectabit
1560 2277 1802 2322 quomodolibet
1816 2276 1849 2311 in

1101 2334 1260 2371 futurum,
1287 2339 1445 2378 perpetuo
1477 2338 1508 2366 et
1538 2331 1765 2364 inviolabiliter
1790 2330 1849 2364 ob-

1101 2383 1218 2416 servari
1256 2383 1391 2422 debere;
1436 2392 1586 2415 necnon.
1604 2381 1847 2414 Universitatem

1101 2431 1205 2464 Studii
1225 2431 1384 2473 generalis
1394 2430 1532 2463 Firmani
1546 2428 1730 2462 huiusmodi
1745 2427 1848 2461 illius-

1101 2486 1347 2523 queiectorem‚
1357 2480 1521 2519 officiales,
1531 2479 1691 2517 doctores,
1700 2478 1846 2517 lectores,

1101 2529 1309 2572 professor,es
1328 2529 1503 2568 scholares,
1525 2527 1687 2559 ministros
1706 2531 1846 2559 ceterosu

314 2571 447 2616 filaque>
467 2581 637 2620 postquam
657 2578 785 2611 conditi
812 2578 942 2620 tuerint,
963 2587 1061 2624 piout
1101 2589 1163 2621 que
1183 2578 1376 2622 piaedictos,
1394 2587 1491 2622 supet
1499 2575 1682 2621 praemissis
1696 2573 1846 2609 omnibus

1893 1004 2004 1028 clausu!

1868 1037 1900 1057 ius
1907 1028 1997 1064 bullaegfy
2002 991 2049 1079 i

1867 1067 1961 1090 servativ
2014 1087 2015 1090 ,

1972 1097 2035 1148 ’,ᾗ

2046 1023 2049 1041 l

2046 1059 2049 1080 1

1980 1276 1983 1277 ι
2012 1283 2013 1286 ,
2046 1261 2049 1286 Ι

1984 1617 1990 1629 1
2003 1622 2014 1634 .,
