2059 3228
154 327 160 331 .
202 299 286 334 alius
305 300 525 335 incumbentia
559 301 617 335 sibi
643 302 819 336 secundum
857 314 950 347 prae-

201 353 289 388 dicta
312 355 520 399 praestiterit,
551 366 617 389 non
642 358 746 390 sotum
771 357 857 390 circa
883 358 949 390 sru-

201 411 283 449 ctus,
319 408 374 441 sed
404 409 499 442 etiam
534 409 618 443 circa
651 411 884 453 possessionem
919 416 950 444 et

199 460 307 505 ipsum
326 461 388 502 ius,
404 463 491 506 quod
509 473 634 496 cessum
665 470 722 504 est,
755 464 857 497 valeat
882 475 949 497 om-

198 513 276 548 nino
295 520 327 548 et
358 515 421 548 vim
456 516 610 556 obtineat;
647 517 803 560 illumque
827 518 945 561 ipsum,

199 567 250 602 rui
269 568 371 611 gratia
395 570 478 603 sacta
507 575 564 610 est,
598 580 662 604 non
694 571 800 604 minus
815 571 944 611 afficiat,

197 630 295 665 quam
324 621 362 664 si,
399 622 468 667 ipso
507 623 647 666 legitime
686 624 795 664 citato,
835 630 946 658 contra

184 685 273 712 eum
312 676 480 710 decretum
518 682 549 710 et
588 677 770 721 expeditum
814 678 943 719 fuisset3

195 737 254 762 nec
283 728 351 773 ipse
384 730 537 763 adversus
556 729 648 770 haec,
686 736 851 773 praetextu
880 742 944 764 uon

185 776 380 826 'acceptatae
421 784 543 826 gratiae
566 809 575 820 ,
618 783 666 816 vel
719 783 816 816 etiam
857 784 944 817 illius

194 834 372 879 ignoratae,
398 842 454 870 aut
473 836 632 870 citationis
651 837 699 870 vel
732 837 944 871 intimationis

194 889 375 923 executioni
397 895 508 923 eontra
529 890 632 933 ipsum
655 890 788 923 minime
813 891 944 924 deman-

180 941 294 982 datae,
315 943 415 976 aliave
435 943 560 976 ratione
573 943 675 976 valeat
690 944 846 977 excusari.
866 945 942 978 Pos-

183 985 231 1028 'sit
255 1001 362 1029 tamen
382 996 463 1040 ipse,
491 996 614 1030 etiamsi
641 997 673 1029 in
702 997 757 1030 lite
781 1003 812 1030 et
846 1009 942 1031 causa

191 1047 378 1082 huiusmodi
398 1050 590 1093 subrogatus
623 1060 688 1082 non
724 1051 776 1091 sit,
797 1051 943 1094 quando-

192 1111 333 1146 cumque
351 1102 390 1136 ad
411 1102 499 1136 illius
531 1103 791 1146 prosecutionem
817 1111 848 1138 et
877 1111 941 1138 ter-

191 1154 400 1189 n'inationem
419 1156 541 1196 venire,
573 1161 603 1189 et
633 1168 651 1189 a
680 1156 800 1197 iudice,
831 1169 938 1191 coram

189 1218 254 1252 quo
274 1219 404 1242 causam
424 1209 538 1254 ipsam,
559 1210 655 1243 etiam
673 1220 710 1242 ex
729 1210 939 1254 delegatione,

188 1262 329 1306 pendere
349 1263 533 1306 contigerit,
560 1263 594 1296 in
619 1263 684 1296 illis
705 1264 781 1308 ipsis
807 1271 889 1298 statu
911 1272 939 1299 et

189 1315 346 1356 terminis,
368 1315 401 1348 in
421 1316 541 1360 quibus
562 1321 638 1349 tunc
659 1327 729 1350 eam
750 1328 818 1351 esse
845 1329 938 1361 repe-

187 1367 278 1409 rerit,
304 1368 401 1402 etiam
438 1370 558 1413 absque
596 1370 755 1415 rescripto
793 1372 936 1415 speciali,

188 1421 325 1455 admitti.

230 1474 246 1519 ἓ
270 1475 302 1509 7.
324 1475 368 1509 De
395 1475 564 1509 benefieiis
584 1482 704 1518 autem,
741 1488 824 1521 quae
849 1478 937 1511 dein-

0 1518 1 1530 *
50 1531 78 1557 ἶ
99 1531 174 1584 ⁸⁸5¹!-
186 1537 262 1573 ceps
270 1527 304 1561 in
313 1528 461 1562 manibus
477 1530 715 1563 ordinariorum
732 1531 935 1572 collatorum,

60 1563 174 1622 „fig-¹:
185 1581 283 1615 etiam
303 1582 532 1624 cardinalium,
555 1583 654 1616 etiam
675 1584 801 1618 indulta
831 1590 861 1618 et
892 1586 937 1618 sa-

2 1642 4 1659 1
87 1625 173 1678 ,ῗζᾞ
186 1635 322 1669 cultates
341 1636 382 1669 ad
401 1636 464 1670 hoc
488 1637 528 1670 ab
552 1638 736 1682 Apostolica
766 1639 847 1672 Sede
880 1639 937 1673 ha-

2 1682 3 1693 *
84 1687 92 1710 ¹
112 1687 174 1716 ¹⁰⁸⁸·
184 1688 344 1730 bernium,
365 1701 403 1723 ac
426 1690 620 1734 legatorum,
644 1692 741 1724 etiam
763 1692 802 1725 de
822 1693 933 1733 latere,

185 1748 216 1777 et
241 1741 475 1786 delegatorum,
498 1745 596 1777 etiam
621 1744 820 1789 specialium,
855 1746 937 1779 eius-

185 1795 258 1829 dem
279 1795 369 1829 Sedis
393 1802 481 1830 extra
501 1797 680 1831 Romanam
701 1798 830 1832 Curiam
860 1798 938 1832 resi-

185 1849 288 1892 gnari,
306 1849 404 1883 etiam
420 1861 457 1884 ex
472 1861 569 1884 causa
586 1852 845 1895 permutationis,
858 1862 937 1886 con-

185 1902 304 1946 tigerit,
326 1903 387 1948 ipsi
405 1903 491 1937 intra
511 1915 655 1939 mensem
676 1906 848 1949 negocium
867 1909 937 1941 uni-

177 1948 312 1990 'versum
333 1957 538 1991 admissionis
556 1959 605 1992 rel
640 1959 825 1993 reiectionis
862 1962 937 1995 resi-

185 2009 347 2052 gnationis
384 2011 571 2044 huiusmodi
597 2018 638 2052 et,
672 2013 697 2045 si
723 2024 781 2056 per
815 2024 869 2047 eos
890 2016 936 2048 sa-

187 2062 302 2096 cienda
320 2064 393 2104 erit,
406 2064 599 2108 provisionis
611 2066 762 2109 resignati
775 2067 936 2109 beneficii,

186 2113 274 2148 iuxta
297 2117 488 2160 apostolicas
513 2123 543 2151 et
562 2118 642 2151 alias
665 2120 837 2153 canonicas
867 2133 938 2155 san-

188 2168 311 2203 ctiones
330 2170 462 2204 omnino
482 2171 657 2205 absolvam.
681 2173 718 2206 Et
732 2174 787 2216 qui
804 2185 848 2207 sie
864 2186 938 2220 pro-

186 2221 271 2255 visus
291 2223 400 2265 suerit,
418 2225 503 2258 intra
523 2231 587 2259 tres
607 2236 733 2260 menses
757 2238 774 2260 a
801 2228 852 2261 die
878 2229 937 2262 sibi

187 2274 290 2309 sactae
309 2277 512 2320 provisionis,
539 2278 626 2311 illam
639 2279 783 2322 publicet
805 2286 836 2314 et
863 2292 937 2325 pos-

187 2327 364 2361 sessionem
383 2330 533 2363 beneficii
555 2331 659 2375 capiat
678 2333 774 2365 modo
789 2339 819 2366 et
834 2333 937 2368 forma

187 2382 392 2426 supradictis,
414 2384 572 2428 alioquin,
597 2385 661 2418 illis
692 2386 821 2430 elapsis,
848 2390 937 2422 nulla

188 2429 229 2464 sit.
251 2430 322 2464 eius
355 2433 507 2476 provisio,
535 2439 565 2467 et
601 2434 797 2468 beneficium
825 2448 937 2470 vacare

65 2510 76 2522 ,
189 2486 358 2513 censeatur
376 2492 414 2514 eo
434 2493 515 2526 ipso.

10 2524 12 2557 Ῑ
61 2545 89 2565 w·
231 2529 248 2573 ἓ
269 2529 299 2564 8.
321 2529 547 2574 Ordinariique
567 2537 597 2565 et
611 2532 665 2565 alii
678 2533 848 2577 praedicti,
882 2535 937 2578 qui

11 2612 13 2616 ,
45 2574 280 2639 &unone-haec,
303 2578 350 2612 uti
369 2579 413 2612 eis
440 2580 717 2623 praescribuntur,
743 2593 809 2615 non
833 2584 937 2625 perse-

799 249 974 275 cnecontt's
1008 250 1061 274 xttt
1094 250 1142 274 ΡΡ.

1632 244 1695 280 437
1753 256 1806 284 An.
1824 255 1853 285 c.
1871 257 1938 286 15⁸⁵

992 301 1070 345 ipsis
1089 302 1254 336 beneficiis·
1280 305 1341 339 sint:
1361 316 1399 340 ea
1428 318 1495 341 vnce
1520 308 1646 352 privati,
1684 319 1741 343 eo-

991 365 1129 398 rumque
1141 355 1308 399 dispositio
1324 370 1362 391 00
1375 359 1444 402 ipso
1459 361 1496 393 ad
1513 360 1629 395 Sedem
1658 363 1742 407 Apo-

992 407 1140 440 stolicam
1158 408 1306 443 devoluta
1331 412 1453 453 existat,
1476 419 1511 447 ut
1528 414 1599 447 aliis
1616 414 1740 449 idoneis

990 461 1030 493 ab
1051 460 1119 504 ipsa
1139 461 1220 494 Sede
1255 463 1419 498 dumtaxat
1452 467 1548 500 modo
1578 473 1610 501 et
1636 468 1739 502 forma

989 514 1163 557 praedictis
1183 517 1420 558 concedantur;
1451 520 1661 555 decernentes
1694 522 1739 555 sic

989 577 1046 610 per
1065 578 1290 612 quoscumque
1310 570 1445 605 iudicari
1462 574 1593 614 debere,
1611 585 1738 609 necnon

988 620 1115 654 irritum
1136 627 1167 654 et
1186 622 1281 655 inane
1299 624 1453 668 quicquid
1472 637 1564 661 secus
1575 639 1674 672 super
1688 629 1738 662 his

987 683 1046 715 per
1069 685 1304 718 quoscumque,
1318 677 1457 712 scienter
1470 680 1518 713 vel
1538 681 1735 724 ignoranter,

987 727 1159 770 contigerit
1179 730 1341 762 attentari.

1029 780 1095 823 {9-
1117 781 1187 814 Non
1217 781 1419 817 obstantibus
1448 786 1602 828 praedicti
1641 788 1687 821 Pii
1713 788 1735 821 V

985 838 1016 866 et
1036 834 1106 866 aliis
1126 835 1278 868 omnibus
1298 836 1733 881 aliorumpraedecessorum

984 892 1170 920 nostrorum
1192 889 1476 931 constitutionibus
1507 893 1547 926 de
1565 894 1734 937 publican-

984 939 1032 971 dis
1060 940 1335 983 resignationibus
1364 943 1551 978 huiusmodi
1577 946 1734 981 hactenus

984 993 1077 1026 editis
1101 1000 1131 1027 et
1151 995 1347 1037 reformatis,
1370 1007 1451 1040 quas
1471 1009 1581 1033 omnes
1601 1001 1733 1035 omnino

983 1046 1190 1090 abrogamus,
1205 1048 1249 1081 ita
1269 1054 1377 1082 tamen
1399 1051 1497 1093 quod,
1519 1052 1551 1085 in
1563 1054 1733 1096 publican-

983 1099 1381 1144 disillisresignationibus
1392 1104 1641 1148 etcessionibus‚
1650 1119 1733 1151 quae

982 1152 1013 1185 in
1035 1154 1185 1188 manibus
1204 1156 1322 1189 nostris
1357 1156 1527 1201 hucusque
1551 1160 1652 1194 saetae
1668 1167 1697 1194 et
1715 1173 1734 1194 a

982 1206 1075 1239 nobis
1094 1207 1254 1241 admissae
1288 1215 1374 1249 sunt,
1407 1215 1437 1243 et
1457 1217 1585 1256 tempus
1613 1214 1653 1247 ad
1681 1225 1733 1248 eas

982 1260 1195 1304 publicandas
1223 1262 1311 1295 iuxta
1334 1263 1412 1297 dicti
1432 1264 1479 1297 Pii
1505 1267 1731 1309 praedecesso-

981 1313 1025 1345 ris
1045 1315 1311 1349 constitutionem
1332 1317 1477 1350 nondum
1503 1320 1636 1361 effluxit,
1655 1332 1731 1354 con-

981 1366 1103 1400 stitutio
1123 1368 1203 1412 ipsa,
1229 1370 1338 1412 quoad
1357 1381 1410 1404 eas
1422 1371 1732 1417 dumtaxat,integre

980 1420 1181 1462 observetur3
1227 1433 1354 1456 necnon
1395 1424 1631 1468 resignantium
1669 1427 1731 1460 sive

980 1474 1164 1508 cedentium
1202 1476 1434 1518 voluntatibus,
1477 1479 1728 1520 conditionibus,

979 1528 1265 1571 protestationibus
1291 1535 1322 1563 et
1341 1531 1506 1573 clausulis,
1528 1532 1562 1565 in
1586 1533 1731 1577 ipsismet

979 1581 1253 1624 resignationibus
1273 1589 1305 1616 et
1324 1585 1525 1618 cessionibus
1542 1597 1599 1619 seu
1616 1597 1730 1630 procu-

980 1640 1126 1683 ratorum
1147 1636 1432 1671 constitutionibus
1457 1644 1489 1672 et
1514 1640 1671 1673 mandatis
1693 1652 1730 1674 ac

979 1689 1067 1729 alias,
1088 1690 1185 1722 etiam
1206 1690 1246 1723 ad
1274 1692 1568 1735 praeservationem
1595 1704 1727 1727 suorum

978 1742 1100 1775 iurium
1121 1749 1152 1776 et
1176 1744 1445 1786 significationem
1471 1747 1558 1790 quod
1582 1757 1648 1780 non
1667 1748 1727 1780 ali-

978 1801 1027 1828 ter
1046 1806 1105 1829 nee
1126 1796 1188 1830 alio
1211 1798 1308 1831 modo
1333 1799 1498 1842 resignant
1516 1811 1573 1833 seu
1593 1800 1725 1839 cedunt,

978 1850 1146 1893 appositis,
1169 1857 1198 1884 et
1218 1850 1424 1896 quacumque
1435 1854 1606 1887 verborum
1617 1853 1730 1894 vi,sor-

979 1904 1067 1936 mula
1087 1909 1118 1937 et
1133 1905 1403 1949 multiplicatione
1415 1907 1583 1950 expressis,
1599 1917 1724 1940 necnon

980 1956 1124 1999 indultis,
1145 1959 1318 2003 privile-giis
1339 1965 1370 1992 et
1397 1960 1508 2003 gratiis
1528 1960 1724 2004 apostolicis,

979 2010 1073 2044 etiam
1098 2013 1271 2056 praedictis
1293 2013 1531 2054 cardinalibus,
1554 2025 1590 2047 ac
1614 2025 1725 2047 eorum

979 2070 1010 2097 et
1028 2066 1146 2099 nostris
1166 2067 1378 2100 familiaribus
1398 2067 1729 2101 continuiscommen-

978 2117 1108 2159 salibus,
1129 2130 1254 2153 necnon
1275 2121 1456 2153 litterarum
1477 2120 1728 2164 apostolicarum

979 2172 1203 2216 scriptoribus,
1235 2173 1513 2206 abbreviatoribus
1549 2174 1728 2219 ceterisque

979 2225 1140 2259 Romanae
1160 2226 1274 2260 Curiae
1295 2226 1498 2267 officialibus,
1534 2237 1565 2260 et
1590 2238 1628 2261 ex
1652 2228 1726 2271 qui-

978 2279 1085 2312 busvis
1118 2280 1222 2313 causis
1243 2280 1548 2324 quomodocumque
1568 2281 1728 2315 concessis

979 2334 1228 2375 eteontirmatis,
1250 2345 1331 2377 quae
1351 2333 1459 2366 omnia
1478 2335 1574 2366 etiam
1585 2335 1729 2369 tollimus

979 2393 1009 2420 et
1029 2389 1246 2428 annullamus,
1269 2388 1450 2431 ceterisque
1466 2388 1636 2422 contrariis
1655 2389 1727 2432 qui-

978 2437 1190 2480 buscumque.

1022 2487 1037 2529 ξ
1062 2486 1114 2520 lt).
1156 2487 1193 2519 Ut
1227 2493 1333 2519 autem
1367 2492 1552 2530 praesentes
1589 2488 1728 2533 amplius
1776 2507 1922 2535 mmmmm

978 2534 1188 2574 innotescant,
1208 2535 1356 2568 volumus
1380 2541 1416 2568 ut
1441 2546 1549 2569 aarum
1560 2538 1724 2581 exemplis,
1742 2539 1800 2560 Μῦς-

979 2583 1073 2615 etiam
1093 2583 1268 2627 impressis,
1282 2584 1399 2616 notat-ii
1410 2585 1533 2629 publici
1547 2597 1643 2620 manu
1655 2587 1727 2620 sub-

1760 796 1868 823 ?:nmtae
1885 802 1929 825 ιιοό

1748 833 1876 861 menariae.

190 2626 304 2669 cerini,
326 2638 364 2662 eo
384 2639 459 2662 casu
487 2635 645 2674 potestate
678 2631 870 2675 disponendi
896 2634 935 2666 de
956 2673 960 2681 ·
978 2634 1117 2677 scriptis,
1140 2639 1169 2666 et
1201 2634 1307 2678 sigillo
1327 2645 1483 2678 personae
1512 2637 1546 2669 in
1571 2637 1727 2680 dignitate
