2059 3228
139 237 194 268 An.
209 239 240 268 C.
257 239 324 269 1585

160 873 277 896 mensulae.

158 1901 276 1924 Exordium.
292 1912 301 1915 <

143 2279 259 2305 Gregorius
267 2279 313 2301 xltl

131 2312 291 2336 congregationi

384 231 448 264 572

913 237 992 265 nitu.
999 240 1092 263 ΛΜΝ
1116 238 1266 264 uowfflmt

338 293 380 325 ris
401 292 587 325 huiusmodi
607 291 739 336 perinde
760 303 778 325 a
799 291 884 326 dicta
903 292 954 327 die
974 293 1084 326 kalen·
1127 292 1176 326 tiis
1201 290 1354 336 prosequi
1385 291 1424 325 de
1461 291 1659 336 benignitate
1691 289 1871 337 apostolica

338 345 385 377 dis
408 345 544 377 ianuarii
563 356 656 378 suum
678 345 854 379 sortiantur
873 347 1083 387 effi¹ctum,ac

336 398 359 429 si
378 408 475 441 super
494 397 556 430 illis
576 398 716 432 eiusdem
737 398 881 443 Gregorii
895 401 1083 443 praedeces-

336 450 417 482 soris
438 450 562 483 litterae
589 452 651 483 snb
672 452 816 485 eiusdem
837 453 900 486 diei
916 453 987 486 data
1007 465 1084 487 con-

334 502 434 535 sectae
454 503 600 544 fuissent,
613 501 718 548 ‘prout
735 506 884 549 superius
899 512 1078 540 enarratur.

333 555 489 599 Quodque
511 563 695 600 praesentes
719 558 843 592 litterae
869 560 908 592 ad
943 561 1082 604 proban-

333 609 408 641 dum
430 609 524 652 plene
545 613 929 653 statutum,voluntatem,
949 623 1080 647 conces-

333 661 456 694 sionem
477 669 508 695 ct
522 663 763 707 derogationem
781 665 924 709 Gregorii
951 667 1083 710 praede·

332 716 470 748 cessoris
490 717 676 751 huiusmodi
690 718 808 762 ubique
828 720 998 759 sufficiant,
1021 732 1081 753 nec

332 768 372 801 ad
402 768 434 802 id
465 769 665 813 probationis
694 772 826 810 alterius
845 773 1080 807 adminiculum

333 822 520 865 requiratur

376 876 392 919 ἓ
415 876 447 910 9.
472 877 556 910 Nulli
577 888 653 922 ergo
673 879 805 913 omnino
825 881 995 914 hominum
1021 886 1077 915 etc.

374 929 488 963 Datum
514 929 633 964 Romae
653 933 738 976 apud
759 934 912 967 Sanctum
938 935 1079 973 Petrum,

331 993 416 1016 anno
439 984 671 1027 Incarnationis
704 987 886 1020 dominicae
908 989 1078 1021 millesimo

331 1037 591 1081 quingentesimo
623 1041 841 1083 octuagesimo
866 1042 992 1086 quinto,
1025 1043 1079 1075 ka-

330 1089 434 1124 lendis
450 1091 537 1132 maii,
563 1093 769 1137 pontificatus
788 1096 889 1128 nostri
910 1107 994 1129 anno
1011 1107 1033 1130 1.

398 1148 464 1180 Dat.
478 1150 526 1180 die
543 1152 556 1181 1
575 1152 645 1181 maii
661 1153 749 1190 1585,
768 1154 872 1193 pontis*
894 1164 971 1184 anno
1003 1164 1021 1184 ι.

679 1349 726 1383 IV.

328 1444 558 1489 Eoeemptv'ones
583 1451 614 1480 et
633 1448 761 1490 qratiae
780 1449 966 1482 clericorum
985 1461 1074 1494 requ-

371 1499 493 1532 larz'um
527 1502 786 1544 congyreyationis
804 1502 920 1536 Sancti
948 1504 1063 1536 ΜαὶοΙί

371 1553 456 1586 alias
479 1553 516 1586 de
534 1553 723 1596 Somascha,
740 1567 759 1588 α
781 1556 932 1593 Greoorz'o
948 1557 1037 1590 XIII
1049 1569 1064 1592 e

368 1605 528 1650 lumime,
549 1608 750 1643 validantur.

403 1709 500 1745 sixtus
518 1711 674 1747 episcopus,
690 1700 787 1741 serius
799 1719 940 1742 servorum
952 1713 1013 1747 Dei,

475 1765 509 1793 ad
522 1766 684 1801 perpetuam
703 1767 745 1796 rei
763 1767 931 1796 memoriam.

365 1843 518 1893 'Aequum
542 1850 763 1893 reputavimus
774 1862 811 1885 ac
827 1852 944 1887 rationi
965 1863 1077 1887 conso-

325 1912 403 1936 num
419 1908 454 1935 ut
474 1913 520 1944 ea,
533 1913 616 1946 quae
627 1904 667 1937 de
677 1904 814 1938 Romani
825 1905 990 1939 Pontificis
1003 1918 1078 1951 pro-

325 1955 479 1997 videntia,
496 1958 689 2001 praesertim
706 1958 739 1991 in
750 1969 965 2002 personarum
976 1961 1077 1994 eccle·
1094 1980 1098 1991 .

325 2009 527 2044 siasticarum
548 2012 771 2053 commodum,
789 2015 1077 2057 processerunt‚li-
1098 2040 1099 2043 η

326 2069 387 2102 cet,
398 2064 467 2097 eius
480 2066 728 2110 superveniente
741 2067 842 2109 obitu,
857 2068 982 2102 litterae
998 2080 1076 2112 apo-

326 2117 457 2151 stolicae
489 2118 629 2164 desuper
657 2121 823 2154 consectae
852 2132 918 2154 non
943 2122 1075 2162 suerint,

327 2180 420 2203 suum
441 2172 617 2205 sortiantur
636 2173 800 2206 effectum.
966 2173 979 2182 “

371 2224 436 2266 gl.
464 2225 589 2257 Dudum
609 2226 766 2270 siquidem
798 2226 897 2260 felicis
924 2229 1076 2261 recorda-

329 2275 423 2309 tionis
449 2277 602 2321 Gregorio
628 2277 713 2323 Papa
734 2279 810 2320 XIII,
837 2281 1098 2330 praedecessori,

1125 345 1332 388 dignaretur,
1362 345 1523 390 praefatus
1549 345 1790 389 praedecessor,
1811 342 1869 389 qui

1125 399 1210 433 circa
1225 404 1341 432 statum
1361 409 1573 443 personarum
1589 399 1807 442 quarumlibet
1817 398 1870 431 di-

1122 453 1196 486 vino
1208 453 1310 486 cultui
1323 446 1596 496 mancipatarum
1607 452 1778 486 salubriter
1791 451 1870 485 diri-

1121 505 1263 548 gendum
1274 511 1408 550 paterna
1418 505 1635 539 sollicitudine
1644 505 1782 539 libenter
1790 511 1868 550 pro-

1121 559 1288 602 spiciebat,
1316 570 1352 592 ac
1372 570 1483 592 earum
1500 558 1726 608 oppressiones
1745 563 1776 592 et
1794 569 1867 602 gra-

1121 612 1245 645 vamina
1258 613 1429 652 relevabat,
1442 611 1868 657 ut,quibuslibetperturha-

1120 666 1262 699 tionibus
1278 666 1420 707 semotis,
1443 666 1568 699 facilius
1580 666 1724 700 valerent
1742 665 1866 699 Altissi-

1121 730 1173 752 mo
1199 730 1294 752 suurn
1318 720 1469 754 exhibere
1493 719 1706 761 famulatum,
1736 719 1866 753 eosdem

1120 773 1350 817 praepositum,
1367 772 1501 806 clericos
1519 779 1550 807 et
1568 784 1722 817 personas
1735 773 1867 817 regula-

1115 823 1171 860 ‘res
1195 827 1344 870 specialis
1362 827 1483 870 gratiae
1507 827 1612 877 favore
1632 827 1789 871 prosequi
1811 836 1868 861 vo-

1119 881 1201 921 lens,
1228 886 1258 914 et
1277 891 1295 914 a
1314 880 1480 924 quibusvis
1507 879 1864 922 excommunicationis,

1119 934 1340 978 suspensionis
1364 940 1394 967 et
1417 934 1580 970 interdicti
1603 933 1737 978 aliisque
1760 934 1868 968 eccle-

1119 988 1255 1021 siasticis
1273 988 1452 1029 sententiis,
1487 987 1632 1022 censuris
1651 993 1683 1021 et
1700 988 1826 1036 poenis,
1847 999 1868 1023 a

1111 1041 1189 1075 -iure
1212 1042 1261 1075 vel
1281 1042 1321 1074 ab
1340 1042 1482 1083 homine,
1506 1042 1617 1086 quavis
1635 1042 1806 1081 occasione
1816 1043 1867 1077 vel

1118 1105 1225 1135 causa,
1238 1095 1320 1135 latis,
1336 1095 1361 1128 si
1378 1094 1496 1139 quibus
1510 1096 1756 1139 quomodolibet
1773 1096 1867 1130 inno-

1117 1149 1183 1183 dati
1203 1149 1391 1190 existebant,
1410 1149 1449 1181 ad
1470 1148 1622 1182 effectum
1642 1148 1866 1194 infrascripto-

1116 1213 1191 1235 rum
1207 1202 1372 1235 dumtaxat
1390 1203 1667 1245 consequendum,
1681 1203 1800 1237 harum
1815 1213 1867 1238 sc·
1885 1239 1893 1248 ¹

1116 1255 1164 1289 rie
1191 1256 1357 1290 absolvens
1383 1261 1415 1289 et
1441 1256 1604 1290 absolutos
1622 1257 1691 1295 fore
1717 1267 1863 1300 censens,

1116 1309 1303 1343 huiusmodi
1341 1309 1631 1354 supplicationibus
1668 1310 1863 1354 inclinatus,
1908 1303 1913 1306 ’

1116 1364 1175 1397 sub
1196 1363 1307 1397 datum
1326 1373 1360 1396 111
1377 1364 1450 1397 idus
1469 1363 1586 1404 martii,
1596 1364 1804 1408 pontificatus
1814 1365 1865 1399 sui

1116 1427 1201 1450 anno
1216 1427 1284 1458 xm,
1307 1427 1418 1451 omnes
1438 1423 1468 1451 et
1492 1417 1637 1461 singulos
1660 1418 1766 1452 dictae
1784 1428 1863 1453 con-

1115 1471 1310 1515 gregationis
1343 1471 1563 1516 praepositum
1587 1473 1784 1515 generalem,
1808 1484 1863 1507 su-

1115 1525 1272 1569 periores,
1302 1525 1469 1566 officiales,
1488 1526 1707 1570 presbyteros,
1729 1526 1864 1561 clericos

1116 1583 1302 1621 ceterasque
1322 1589 1488 1623 personas,
1505 1580 1663 1623 professas
1674 1584 1705 1621 et
1712 1591 1778 1614 non
1788 1591 1864 1625 pro-

1114 1633 1224 1675 fessas,
1239 1643 1365 1666 necnon
1374 1633 1549 1666 familiares
1565 1639 1596 1666 et
1605 1632 1779 1676 ministros,
1787 1644 1863 1668 cum

1116 1687 1265 1720 omnibus
1298 1692 1328 1720 et
1356 1687 1490 1730 singulis
1518 1686 1671 1727 ecclesiis,
1699 1687 1862 1728 oratoriis,

1116 1741 1329 1781 coemeteriis,
1343 1741 1510 1785 cappellis,
1529 1735 1689 1782 domibus,
1701 1740 1865 1775 conventi-

1114 1795 1187 1835 bus,
1211 1794 1385 1829 mobilibus
1405 1800 1436 1827 et
1456 1794 1689 1835 immobilibus,
1711 1803 1864 1838 praesen.-

1115 1847 1201 1880 tibus
1220 1853 1250 1881 et
1270 1847 1387 1895 suturis
1415 1847 1521 1888 bonis,
1544 1858 1581 1881 ac
1601 1847 1728 1881 iuribus
1751 1853 1784 1882 et.
1812 1847 1864 1881 iu-

1114 1901 1356 1935 risdictionibus
1383 1901 1660 1945 quibuscumque,
1692 1912 1730 1934 ac
1755 1901 1886 1943 rebus,‘

1114 1961 1180 1988 tam
1200 1955 1297 1989 sacris
1313 1960 1344 1988 et
1359 1954 1516 1999 religiosis
1535 1965 1632 1998 quam
1645 1954 1801 1999 profanis,
1821 1955 1862 1989 ad

1114 2009 1216 2054 ipsam
1228 2009 1511 2053 congregationem
1524 2009 1742 2052 spectantibus
1751 2015 1779 2042 et
1789 2019 1864 2055 per-

1114 2063 1306 2103 tinentibus,
1341 2073 1377 2095 ac
1415 2062 1613 2106 ubicumque
1642 2062 1862 2103 existennbus,

1115 2127 1197 2160 quae
1222 2117 1260 2150 de
1280 2115 1441 2160 praesenti
1460 2115 1601 2158 legitime
1625 2115 1810 2159 possident,
1830 2119 1864 2148 et

1115 2169 1148 2202 in
1169 2176 1349 2213 posterum,
1379 2170 1443 2203 Deo
1463 2169 1604 2210 iuvante,
1626 2168 1786 2202 canonice*
1803 2179 1865 2212 per¹

1115 2234 1171 2257 eos
1190 2223 1313 2266 acquiri
1332 2223 1512 2266 contigerit,
1542 2223 1581 2255 ab
1618 2222 1706 2256 omni
1730 2221 1861 2256 iurisdi-

1116 2277 1233 2318 ctione,
1256 2277 1413 2318 dominio,
1436 2282 1602 2321 potestate,
1621 2275 1860 2320 superior-itate,

133 2342 289 2367 exemptionem
303 2349 315 2362 a
330 2335 449 2371 nostro,
485 2341 543 2374 pro
578 2338 669 2376 parte
703 2333 895 2367 dilectorum
934 2334 1075 2368 filiorum
1094 2342 1098 2355 ¹
1116 2331 1326 2371 subiectione,
1342 2330 1534 2371 visitatione,
1555 2330 1757 2363 correctione
1781 2339 1862 2372 quo-

136 2373 286 2394 iurisdictione
294 2376 316 2394 et

133 2404 315 2430 mmmmm
330 2383 503 2426 praepositi
523 2390 554 2418 et
573 2385 765 2419 clericorum
787 2387 987 2430 aliarumque
1003 2399 1076 2432 per-
1095 2419 1098 2437 Ι
1117 2395 1332 2428 rnmcumque
1363 2384 1616 2425 ordinariorum,
1656 2392 1863 2437 quacumque

331 2441 483 2465 sonarum
519 2435 718 2468 renutarium
756 2437 1014 2480 congregationis
1042 2437 1073 2471 S.
1094 2438 1098 2474 Ι
1117 2433 1537 2482 dignitate,proeeminentia
1548 2431 1862 2466 etauctoritatefun-

133 2436 258 2457 visitatione
281 2442 319 2457 οι·-

134 2467 261 2487 dinariorum
276 2466 316 2487 ali-

555 2460 573 2477 ὓ

131 2501 232 2524 „mque
255 2498 313 2518 iffi-
331 2479 452 2519 Maioli,
485 2482 562 2515 alias
590 2483 795 2525 Somaschae‚
822 2486 882 2518 sub
902 2486 1022 2529 Regula
1042 2487 1074 2520 S,
1116 2484 1275 2526 gentium,
1297 2489 1328 2516 et
1346 2483 1484 2516 aliorum
1506 2482 1648 2515 indicum
1669 2479 1862 2514 ecciesiasti-
1910 2518 1917 2525 ·

132 2533 180 2549 cum
199 2529 313 2556 concessit,

331 2529 497 2571 Augustini
519 2533 673 2567 canonice
697 2534 860 2569 institutae
894 2542 923 2569 et
948 2541 1076 2579 aposto-

330 2577 391 2610 lica
419 2581 609 2614 auctoritate
643 2583 860 2623 confirmatae,
897 2584 1077 2629 supplicato

331 2631 489 2678 quatenus
508 2639 562 2663 eos
578 2631 772 2674 specialibus
789 2632 949 2666 sax-oribus
961 2638 991 2666 ct
1002 2643 1076 2676 gra-
1095 2664 1099 2669 .

1117 2543 1231 2565 corum
1251 2539 1282 2565 et
1300 2531 1455 2565 saeculari
1461 2541 1526 2571 uin,
1540 2529 1714 2574 apostolica
1724 2527 1863 2562 auctori-

1118 2587 1193 2622 tate,
1213 2582 1245 2614 in
1265 2587 1458 2625 perpetuum
1479 2580 1639 2614 eanitet
1652 2576 1809 2617 liberavit,
1831 2581 1862 2609 et

1117 2633 1177 2666 sub
1193 2642 1250 2666 sua
1269 2637 1300 2665 et
1318 2630 1407 2666 Sedis
1416 2629 1616 2675 Apostolicae
1631 2638 1668 2661 ac
1678 2626 1762 2661 beati
1775 2625 1861 2660 Petri
