2059 3228
161 264 259 289 Aac.
292 262 357 288 1579
408 259 472 292 314

160 326 213 340 men
227 321 251 340 in
261 321 296 340 his
307 322 345 340 du-

161 348 222 367 bium
263 349 346 368 excita-

162 375 222 400 hang

173 1034 225 1054 Ideo
238 1034 274 1054 hic
289 1033 344 1053 Pon-

157 1062 214 1081 tifex
229 1062 302 1080 denuo
313 1066 350 1081 os-

157 1089 208 1108 dem
225 1089 312 1113 statum

953 264 1130 290 artu-tnnssw

364 320 562 353 insinuatum
586 318 757 351 nonnuttos
787 320 908 351 vestrae
937 329 1108 362 congrega-

364 372 460 406 tionis
490 371 675 404 huiusmodi
703 371 897 404 ordinationi
917 376 1107 405 acstatutoa

363 426 591 468 predecessore
623 429 732 457 nostro
761 423 894 467 provida
919 435 954 457 ac
983 429 1108 457 matura

363 477 594 510 deliberatione
615 477 756 517 invento,
774 488 791 510 a
810 478 903 510 nobis
918 478 1107 510 confirmato

363 536 394 564 et
414 530 447 562 in
466 535 569 563 vestro
589 530 731 572 generali
758 530 898 574 capitulo
926 536 1105 574 acceptato,

363 589 394 616 ct
414 583 475 616 iam
497 583 529 615 in
550 593 610 615 usu
629 588 771 627 recepto,
794 594 858 617 non
878 584 982 616 solum
1001 583 1108 626 acqui-

363 646 473 669 escere
492 636 592 676 nolle;
611 635 667 669 sed
684 637 793 669 colore
813 636 952 680 quodam
977 636 1017 669 de
1049 637 1108 668 hu-

361 689 502 722 iusmodi
532 689 713 722 litterarum
745 694 928 722 nostrarum
948 688 1107 722 validitate

361 741 544 782 dubitandi,
570 752 605 774 re
633 746 740 774 autem
773 753 846 774 vera
870 741 1058 775 temeritatis
1079 747 1109 775 et

361 794 547 828 ambitionis
567 795 705 828 stimulis
732 795 878 837 agitatos,
905 795 943 827 de
974 795 1027 828 illa
1047 794 1107 826 im-

360 849 527 889 mutanda,
549 848 741 881 infirmanda
761 849 808 881 vel
826 848 920 880 etiam
929 848 1108 881 revocanda

361 902 458 934 verba
476 901 582 934 facere
601 912 694 935 ausos
714 901 820 934 fuisse.

406 955 421 999 ἓ
441 954 472 988 3.
495 955 568 995 Nos,
588 955 628 988 ad
648 954 825 987 tollendum
846 964 941 987 omne
960 954 1107 993 dubium,

363 1014 395 1042 et
413 1008 601 1042 huiusmodi
625 1008 791 1041 audaciam
825 1008 1107 1052 compescendam,

362 1068 394 1096 et
412 1073 525 1106 pacem
551 1061 922 1104 tranquillitatemquein
935 1061 1021 1094 dicta
1033 1071 1109 1094 con-

361 1116 547 1160 gregatione
566 1121 670 1148 vestra
694 1120 850 1158 perpetuo
879 1114 1108 1147 confovendam

361 1175 394 1202 et
412 1168 626 1208 retinendam,
649 1167 824 1211 apostolica
840 1167 1044 1207 auctoritate,
1065 1172 1110 1200 te-

361 1233 441 1256 nore
452 1222 681 1266 praesentium,
689 1222 749 1254 hac
760 1226 869 1254 nostra
880 1220 1108 1255 declaratione.

361 1275 632 1308 determinatione
652 1285 688 1308 ac
709 1274 908 1315 definitione,
945 1273 1112 1317 supradic-

363 1334 427 1362 tam
448 1329 487 1362 de
506 1328 656 1362 triennali
675 1328 832 1361 electione
851 1333 882 1360 et
906 1327 1111 1360 administra-

364 1381 450 1415 tione
465 1381 715 1422 ordinationem,
729 1380 991 1414 constitutionem
1008 1386 1039 1413 et
1058 1380 1112 1413 de-

363 1440 488 1468 cretum
508 1434 626 1468 iterum
645 1440 677 1468 et
697 1434 735 1467 (le
746 1444 840 1473 novo,
859 1439 1018 1477 quatenus
1031 1443 1111 1476 opus

364 1488 416 1529 sit,
447 1487 684 1531 approbamus,
710 1486 961 1527 confirmamus,
1003 1486 1112 1530 eisque

364 1546 541 1585 perpetuae
561 1547 592 1573 et
611 1540 804 1573 inviolabilis
828 1540 988 1572 firmitatis
1013 1540 1113 1572 robur

365 1594 548 1634 adiicimus,
572 1604 609 1627 ac
628 1604 726 1636 super
758 1603 796 1626 eo
812 1593 993 1637 specialiter
1012 1598 1044 1626 et
1062 1603 1113 1626 ex-

365 1658 475 1692 presse
500 1653 692 1690 perpetuum
713 1646 875 1680 silentium
903 1646 1111 1690 imponimus.

411 1701 425 1744 g
444 1701 476 1734 4.
499 1700 683 1733 Mandantcs
703 1705 873 1743 propterea
901 1700 990 1733 vobis
1009 1699 1114 1733 omni-

205 1764 350 1789 mmmmm,
366 1754 426 1786 bus
445 1759 477 1787 et
495 1753 641 1796 singulis,
663 1753 695 1786 in
719 1754 834 1786 virtute
858 1759 985 1786 sanctae
1004 1753 1114 1786 obedi-

162 1791 203 1812 :ub
219 1792 300 1815 poenis
317 1791 354 1809 hic

163 1818 354 1842 expressis‚nede
370 1806 487 1847 entiae,
509 1817 546 1840 ac
563 1807 622 1839 sub
642 1805 827 1850 privationis
850 1811 1026 1849 perpetuae
1050 1812 1115 1839 tam

161 1849 196 1863 cei.
200 1850 238 1864 01¹0
275 1846 354 1863 tracte-

159 1873 196 1890 tur
217 1871 245 1890 de
270 1870 350 1890 immu-

160 1898 230 1917 tando
253 1898 294 1916 hoc
313 1898 354 1916 de-

161 1926 221 1943 creto
262 1924 354 1947 eiusque

164 1950 345 1971 confirmatione.

190 2486 307 2506 Clausulam
317 2486 355 2506 de-

169 2514 303 2537 rogatoriam

217 2587 281 2607 Fiden
294 2590 353 2606 trau-

169 2617 315 2639 sumptorum.

371 1859 566 1899 officiorum,
592 1859 785 1903 dignitatum
814 1864 844 1892 et
863 1859 1115 1892 administratio-

370 1924 450 1947 num
471 1923 764 1957 quarumcumque,
781 1923 878 1956 quam
898 1913 983 1946 vocis
996 1913 1116 1946 activae

371 1973 403 2001 et
422 1967 577 2011 passivae,
599 1966 732 2010 aliisque
751 1966 974 1999 ecclesiasticis
1002 1977 1117 1999 censu-

371 2021 428 2060 ris,
450 2020 582 2053 arbitrio
594 2025 703 2053 nostro
715 2019 919 2053 moderandis
929 2024 960 2053 et
972 2020 1119 2063 infligen-

372 2073 421 2106 dis
439 2073 562 2117 poenis,
582 2072 724 2106 districte
741 2071 977 2116 praecipientes
992 2072 1118 2105 etinhi-

372 2127 485 2159 bentcs
508 2136 548 2159 ne
568 2126 641 2169 quis
664 2131 821 2165 vestrum,
839 2125 967 2168 publice
987 2126 1036 2158 vel
1055 2125 1120 2169 pri-

372 2180 484 2219 vatim,
503 2184 625 2212 secreto
644 2180 693 2212 vel
713 2180 828 2222 palam,
849 2179 881 2211 in
901 2178 1049 2222 capitulis
1067 2189 1120 2221 ge-

374 2233 539 2266 neralibus
559 2233 608 2265 vel
632 2232 912 2271 conventualibus,
939 2232 1022 2264 intra
1054 2242 1121 2265 mo-

374 2285 588 2318 nasteriorum
608 2291 698 2329 septa
726 2285 776 2318 vel
808 2291 912 2325 extra,
935 2295 972 2318 ac
991 2285 1119 2319 tandem

377 2349 511 2381 usquam
529 2340 577 2372 vel
593 2350 748 2383 umquam
772 2338 903 2372 omnino
920 2338 959 2371 de
976 2338 1122 2382 supradi-

378 2396 430 2424 cto
454 2392 594 2425 triennio
614 2391 807 2435 corrigendo
818 2392 867 2425 vel
882 2392 1036 2425 mutando
1053 2402 1121 2424 am-

377 2443 463 2486 plius
482 2445 570 2488 loqui
590 2455 646 2478 seu
667 2451 803 2478 tractare
822 2450 1036 2488 praesumant.

424 2493 439 2535 ἓ
464 2494 494 2527 5.
516 2493 692 2527 Contrariis
705 2494 966 2537 quibuscumque
985 2504 1050 2526 non
1069 2493 1124 2526 ob-

381 2542 550 2574 stantibus.

426 2589 440 2628 §
460 2590 490 2621 (i.
513 2590 665 2623 Volumus
692 2597 811 2630 autem,
833 2591 871 2623 ad
892 2591 988 2623 huius
1020 2590 1125 2623 decla-

383 2637 514 2670 rationis
529 2644 556 2671 ct
576 2639 800 2683 prohibitionis
809 2645 934 2674 nostrae
948 2638 1124 2674 faciliorem
1145 2683 1147 2685 Ι

1149 264 1166 289 R
1171 264 1298 290 omnm!

1146 316 1412 358 notificationem,
1452 319 1669 361 praesentium
1711 319 1886 363 exemplis,

1146 370 1240 403 etiam
1253 370 1427 414 impressis,
1446 381 1543 404 manu
1552 372 1667 405 notarii
1682 372 1804 416 publici
1818 373 1891 406 sub-

1146 422 1283 466 scriptis,
1299 428 1330 456 et
1348 422 1452 466 sigillo
1464 424 1601 458 alicuius
1616 435 1774 468 personae
1793 425 1826 458 in
1839 425 1889 459 di-

1145 476 1264 518 gnitate
1283 476 1497 510 ecclesiastica
1520 478 1709 512 constitutae
1723 479 1773 512 vel
1793 479 1888 512 etiam
1934 470 1939 476 ’

1146 529 1263 572 prioris
1286 530 1445 572 generalis
1472 541 1531 574 pro
1559 535 1705 575 tempore
1725 531 1889 566 existentis

1146 587 1267 615 vestrae
1286 582 1543 625 congregationis
1567 583 1711 625 munitis,
1742 584 1889 618 eamdem

1144 645 1276 679 prorsus
1300 635 1397 668 fidem
1421 635 1578 677 adhiberi,
1610 647 1693 680 quae
1711 638 1889 681 praesenti-

1145 688 1205 722 bus
1237 688 1436 728 haberetur,
1467 688 1493 722 si
1521 689 1627 723 forent
1657 690 1815 724 exhibitae
1839 691 1890 725 vel

1145 746 1302 775 ostensae.

1188 794 1300 828 Datum
1325 795 1446 829 Romae
1469 796 1555 839 apud
1575 788 1726 829 Sanctum
1744 797 1886 838 Petrum,

1145 847 1203 880 sub
1227 849 1348 882 annulo
1381 849 1563 889 piscatoris,
1584 849 1637 882 die
1660 849 1785 883 decima
1802 855 1889 884 sexta

1145 901 1336 942 decembris,
1358 902 1528 936 millesimo
1540 902 1797 946 quingentesimo
1816 915 1888 948 sep-

1146 955 1322 997 tuagesimo
1342 966 1446 997 nono,
1472 955 1679 1000 pontificatus
1706 956 1806 990 nostri
1832 967 1890 990 an-

1146 1018 1188 1040 no
1207 1017 1273 1040 vm.

1167 1064 1229 1095 Dat.
1243 1065 1339 1095 dieto
1351 1065 1483 1096 decemb.
1496 1066 1584 1102 1579,
1596 1067 1699 1105 pontis.
1711 1076 1788 1099 anno
1797 1075 1861 1098 vm.

1480 1243 1555 1278 CXI.

1153 1314 1266 1358 Vulqat
1278 1315 1540 1348 constitutionem
1555 1325 1618 1359 qua
1635 1315 1670 1349 S.
1684 1316 1764 1349 Pius
1785 1315 1820 1355 V,
1837 1315 1891 1349 Or-

1190 1369 1279 1401 dinis
1307 1369 1452 1410 fratrum
1473 1368 1732 1410 Praedictomim,
1759 1368 1895 1402 LXXIX

1188 1422 1423 1465 propositiones
1448 1421 1618 1455 Michaelis
1649 1422 1728 1455 Baii
1754 1423 1893 1456 damna-

1164 1491 1167 1494 ·
1191 1479 1280 1508 verat
1295 1474 1320 1507 ¹.

1196 1555 1342 1591 Gregorius
1356 1555 1497 1591 episcopus
1517 1561 1615 1585 servus
1629 1562 1770 1585 servorum
1785 1555 1844 1589 Dei,

1310 1611 1344 1638 ad
1363 1610 1488 1638 futuram
1504 1609 1546 1638 rei
1563 1609 1732 1639 memoriam.

1193 1681 1388 1715 provisionis
1422 1685 1551 1714 nostrae
1588 1681 1684 1714 debet
1723 1680 1894 1725 provenire

1149 1735 1302 1775 subsidio,
1322 1739 1357 1768 ut
1376 1745 1424 1774 ea,
1443 1745 1525 1778 quae
1550 1744 1568 1767 a
1593 1733 1896 1778 praedecessoribus

1150 1788 1266 1822 nostris
1290 1793 1492 1828 emanarunt,
1503 1787 1656 1820 suadente
1667 1787 1805 1820 maxime
1819 1786 1894 1820 fidei

1152 1841 1328 1876 catholicae
1342 1840 1596 1881 conservatione,
1610 1840 1807 1884 ubicumque
1819 1840 1898 1885 ipsis

1152 1907 1233 1940 opus
1251 1900 1298 1929 est
1308 1895 1541 1939 producantur.
1553 1894 1658 1933 Quare
1672 1904 1731 1927 nos
1749 1899 1896 1928 tenorem

1152 1950 1332 1982 litterarum
1352 1948 1453 1981 felicis
1468 1947 1701 1981 recordationis
1728 1947 1774 1980 Pii
1793 1947 1898 1991 Papae

1152 2004 1187 2042 V,
1208 2001 1463 2046 praedecessoris
1485 2001 1600 2042 nostri,
1626 2001 1658 2033 in
1678 2000 1747 2034 eius
1761 2001 1899 2044 registro

1154 2060 1331 2099 repertum,
1352 2054 1490 2088 describi
1507 2059 1538 2086 et
1556 2053 1777 2097 praesentibus
1796 2064 1898 2086 anno·
1920 2053 1924 2057 ’

1155 2108 1213 2141 tari
1234 2107 1378 2148 fecimus,
1399 2107 1454 2150 qui
1474 2107 1547 2140 talis
1563 2111 1621 2140 est.

1199 2161 1214 2204 ξ
1238 2161 1270 2193 1.
1292 2160 1367 2193 Pius
1391 2160 1571 2204 episcopus,
1599 2170 1708 2193 servus
1731 2169 1898 2193 servorum

1157 2213 1222 2253 Dei,
1244 2214 1284 2246 ad
1304 2213 1446 2246 suturam
1467 2211 1513 2246 rei
1536 2212 1739 2246 memoriam.
1761 2212 1805 2245 Ex
1828 2223 1898 2246 om-
1935 2215 1942 2221 ”

1159 2267 1250 2300 uibus
1278 2266 1517 2306 afflictionibus,
1554 2264 1684 2309 quasin
1704 2265 1766 2298 hoc
1791 2265 1862 2298 loco
1881 2275 1899 2298 a
1924 2263 1941 2270 '⁴

1161 2319 1293 2352 Domino
1313 2318 1476 2352 constituti
1500 2324 1564 2352 tam
1584 2319 1731 2351 luctuoso
1754 2323 1901 2361 tempore

1159 2372 1380 2412 sustinuimus,
1398 2372 1452 2405 ille
1471 2371 1615 2404 animum
1639 2376 1786 2404 nostrum
1812 2381 1902 2414 prac-

1160 2429 1253 2470 cipue
1273 2426 1434 2459 excruciat
1453 2425 1559 2465 dolor,
1579 2425 1667 2468 quod
1686 2424 1799 2467 religio
1818 2423 1902 2456 chri-

1160 2480 1272 2521 stiana,
1293 2479 1389 2513 tantis
1412 2479 1476 2512 iam
1495 2478 1620 2523 pridem
1640 2477 1821 2511 turbinibus
1837 2477 1903 2519 agi-

1162 2539 1236 2574 tata,
1257 2532 1346 2565 novis
1366 2532 1511 2576 quotidie
1544 2531 1717 2575 propositis
1740 2529 1902 2574 opinioni-

1161 2587 1221 2620 bus
1240 2586 1454 2627 conssictetur,
1479 2585 1661 2628 Christique
1672 2583 1827 2628 populus,
1846 2593 1904 2618 an-

1199 2651 1210 2677 1
1229 2648 1269 2677 Ex
1290 2648 1363 2678 Bull.
1379 2647 1599 2683 Ord.Praedic.,
1618 2650 1684 2675 tom.
1705 2652 1737 2681 v,
1757 2653 1819 2682 pag.
1841 2645 1903 2674 373.
