2059 3228
97 192 278 222 An.c.1587

121 787 188 808 tuzsto
203 785 274 814 publi-

94 819 163 839 candh

115 1216 225 1242 signatura
233 1216 279 1238 sola

96 1247 179 1269 sufficit.

145 1434 205 1455 Fides
221 1438 279 1456 tran-

98 1471 233 1494 sumptorum.

125 1750 193 1778 Papae
211 1751 282 1772 nubse-

139 1861 282 1883 clausularum

100 1894 208 1920 repetitio.

346 183 409 217 966

298 243 503 287 generalibus
522 243 569 275 vel
590 241 793 286 specialibus,
816 251 1049 285 quorumcum-

295 308 358 341 que
372 304 519 330 tenorum
533 296 680 335 existant,
703 306 760 338 per
776 306 869 338 quae,
888 294 1047 338 praesenti

294 360 358 383 non
390 359 537 392 expressa
571 349 619 381 vel
645 348 787 381 totaliter
818 359 882 382 non
916 349 1045 388 inserta,

295 402 428 435 effectus
449 402 536 434 illius
560 401 710 445 impediri
731 402 833 434 valeat
865 402 1046 444 quomodo-

295 456 372 488 libet
387 455 433 487 vel
454 454 577 495 diferri,
596 460 627 487 et
643 454 681 487 de
702 454 822 498 quibus
837 465 1046 498 quorumque

296 508 367 541 totis
393 508 559 541 tenoribus
579 507 741 551 specifica,
762 507 926 541 individua
947 513 977 539 et.
996 518 1047 540 ex-

293 572 414 605 pressa,
435 572 472 594 ae
491 561 530 594 de
550 562 648 594 verbo
664 562 704 594 ad
724 561 870 601 verbum,
899 561 1044 594 habenda

292 620 375 648 esset
395 614 516 647 mentio
536 614 696 658 specialis,
720 615 899 658 ceterisque
915 620 1044 647 eontra-

292 668 350 701 riis
374 668 649 712 quibuscumque.

338 723 352 766 ἓ
368 722 423 754 41.
440 723 479 755 Ut
489 727 596 755 autem
610 732 762 766 praesens
775 728 880 755 motus
894 722 1046 767 proprius

293 775 333 808 ad
353 775 499 808 omnium
520 775 666 808 notitiam
691 775 882 815 deducatur,
903 787 941 809 ac
962 782 996 809 ut
1012 786 1045 809 o-

294 839 394 868 mnes,
403 839 543 872 quorum
556 828 687 862 interest
698 840 735 862 ae
744 829 899 862 interesse
912 829 1042 873 poterit,

292 882 423 923 afficiat,
451 883 599 915 volumus
621 887 651 915 et
671 883 860 916 mandamus
878 882 965 916 illius
989 894 1043 917 co-

291 936 381 980 piam
420 936 453 969 in
477 936 696 969 Cancellariae
724 936 949 980 Apostolieae,
987 947 1044 970 seu

292 989 405 1023 Curiae
424 989 683 1023 reverendissimi
704 990 796 1022 Urbis
820 990 1044 1033 gubernatoris

291 1043 398 1083 valvis,
424 1054 461 1077 ac
482 1043 512 1075 in
535 1044 604 1076 acie
624 1043 734 1087 Campi
755 1043 869 1076 Florae
889 1043 986 1086 affigi,
1014 1049 1044 1076 et

293 1096 336 1129 ibi
357 1097 467 1130 relicta
479 1097 548 1130 eius
564 1096 667 1140 copia,
681 1096 871 1140 aliquandiu
890 1096 1040 1130 detineri.

337 1150 424 1193 542.
456 1150 613 1184 Volumus
643 1149 720 1183 item
749 1149 835 1193 quod
866 1150 1043 1193 praesentis

294 1209 400 1237 motus
414 1204 539 1247 proprii
560 1204 628 1237 sola
656 1203 821 1246 signatura
840 1203 989 1244 sufficiat,
1014 1209 1045 1236 et

295 1257 415 1300 ubique
435 1256 533 1290 fidem
553 1256 659 1296 saciat,
687 1256 719 1288 in
739 1256 862 1289 iudicio
888 1262 920 1289 et
943 1262 1041 1297 extra,

294 1311 405 1353 regula
417 1320 623 1354 quacumque
634 1310 797 1343 contraria
808 1320 872 1343 non
884 1311 1041 1344 obstante:

337 1365 351 1404 ἓ
372 1364 426 1398 43,
449 1364 606 1408 Quodque
627 1364 696 1397 eius
713 1364 934 1408 transumptis,
957 1370 1045 1398 nota-

295 1418 333 1451 rii
354 1418 476 1462 publici
503 1428 602 1451 manu
630 1418 820 1462 subscriptis
855 1423 885 1451 et
907 1418 1045 1462 alieuius

295 1482 451 1515 personae
471 1471 503 1505 in
524 1471 742 1505 ecelesiastica
761 1471 1045 1514 dignitateeonsti-

293 1531 382 1559 tutae
406 1526 511 1569 sigillo
532 1525 674 1569 signatiS,
695 1526 790 1569 plena
817 1531 847 1559 et
868 1525 1046 1559 indubitata

295 1581 385 1621 tides,
405 1591 508 1624 eaque
529 1590 662 1624 prorsus
685 1580 888 1619 adhibeatur,
909 1580 941 1613 in
962 1580 1046 1613 iudi-

295 1634 346 1667 cio
367 1640 398 1667 et
417 1639 516 1673 extra,
538 1644 621 1678 quae
652 1634 812 1678 praesenti
838 1633 1048 1667 adhiberetur

296 1687 321 1720 si
342 1688 422 1722 soret
437 1687 596 1721 exhibitus
613 1688 662 1721 vel
679 1693 837 1721 ostensus.

465 1742 545 1782 Fiat,
568 1747 659 1774 motu
679 1741 824 1786 proprio.
844 1741 877 1774 F.
1028 1778 1035 1784 ,

341 1795 378 1828 Et
398 1806 471 1829 eum
493 1795 695 1829 absolutione
715 1806 733 1828 a
754 1795 910 1836 censuris,
938 1795 977 1828 ad
1002 1795 1048 1827 es-

298 1849 429 1889 seetum‚
450 1853 523 1889 etc„
551 1855 583 1882 et
602 1849 641 1881 de
659 1848 915 1889 confirmatione,
929 1858 1048 1893 appro-

297 1902 438 1942 batione,
463 1908 595 1943 statuto,
614 1902 831 1941 ordinatione,
860 1908 1047 1946 praecepto„

297 1956 461 1996 mandato,
497 1955 691 1996 inflictione,
726 1955 874 1994 decreti&
912 1956 1048 1998 deroga-

297 2011 396 2049 tione,
419 2010 583 2043 voluntate
602 2010 739 2055 aliisque
751 2010 947 2054 praemissis,
965 2021 1048 2053 quae

297 2063 349 2096 liic
370 2074 429 2107 pro
460 2063 658 2097 sufficienter
689 2063 832 2108 repetitis
856 2063 895 2096 ad
924 2069 1048 2107 partem

298 2117 478 2157 habentur,
510 2117 542 2150 in
581 2118 683 2150 forma
721 2117 859 2160 gratiosa
896 2117 1048 2149 latissime

299 2169 515 2210 extendentes,
534 2176 564 2203 et
583 2181 657 2204 cum
673 2176 868 2214 opportuna,
887 2171 911 2203 si
929 2170 1050 2203 videbi-

300 2228 363 2263 tur,
400 2222 544 2256 iudicum
587 2229 796 2257 executorum
826 2223 1046 2267 deputatione,

300 2275 356 2318 qui
380 2276 540 2317 assistant,
558 2281 631 2317 etc„
654 2287 727 2310 cum
748 2281 903 2320 potestate
919 2276 1048 2317 citandi,

300 2333 372 2369 elcss,
393 2328 572 2369 inhibendi,
586 2329 788 2373 aggravandi,
801 2334 871 2370 etc„
888 2329 1046 2369 invocato,

301 2382 357 2410 etc.
375 2378 561 2417 saecularis,
583 2389 619 2412 ae
634 2379 841 2421 derogatione
857 2379 1048 2419 diaetarum,

301 2437 365 2459 non
384 2432 492 2460 tamen
517 2427 627 2468 trium,
650 2428 746 2460 etiam
766 2427 920 2460 latissime
941 2433 1049 2461 exten-

301 2475 408 2508 dendi.
444 2476 481 2508 Et
505 2476 531 2509 si
565 2476 726 2509 videbitur
758 2476 881 2509 litteras
911 2476 1050 2520 desuper

303 2524 397 2556 etiam
417 2535 475 2568 per
492 2525 585 2558 breve
605 2525 635 2557 S.
658 2525 691 2557 V.
715 2530 787 2565 cle„
810 2525 842 2558 in
855 2525 1048 2569 praemisso-

304 2583 374 2606 rum
395 2573 538 2607 omniun]
558 2580 589 2607 et
604 2575 818 2617 singulorum,
841 2575 936 2608 etiam
968 2585 1047 2618 qua-

893 188 1072 213 BL'LLARIUM
1095 187 1246 212 ROMANUM

1090 239 1193 279 litate,
1212 239 1424 278 invocatione,
1437 240 1698 276 denominatione
1710 250 1838 276 nuncu-

1090 293 1171 336 patis
1190 293 1332 333 annexis,
1359 294 1561 338 aliorumque
1580 296 1837 330 necessariorum

1091 347 1202 380 maiori
1224 352 1254 380 et
1273 346 1388 380 veriori
1408 347 1647 391 specificatione
1661 355 1692 382 et
1710 359 1838 394 expres-

1089 400 1179 433 sione
1199 399 1342 443 expediri
1367 400 1478 443 possit,
1500 404 1571 441 eta,
1603 401 1699 434 simul
1726 402 1776 435 vel
1796 401 1836 435 ad

1089 460 1227 498 partem,
1243 455 1339 487 etiam
1360 455 1392 488 in
1407 466 1484 495 una,
1498 466 1563 489 non
1583 456 1664 488 saeta
1675 456 1837 490 mentione

1088 508 1127 540 de
1151 508 1213 540 alia
1237 508 1285 541 vel
1305 508 1375 541 aliis
1385 508 1603 553 expediendis,
1619 513 1676 542 etc.
1698 509 1777 542 Fiat.
1797 509 1834 543 F.

1131 562 1222 594 Anno
1236 573 1253 595 a
1269 562 1432 595 nativitate
1448 561 1575 595 Domini
1594 562 1838 602 MDLxxXV11,in-

1087 615 1229 648 dictione
1248 625 1300 656 xv,
1323 616 1375 648 die
1401 626 1476 649 vero
1501 626 1528 656 1,
1552 615 1671 648 mensis
1695 615 1836 655 decem.‚

1064 668 1068 672 '
1087 668 1294 712 pontificatus
1318 668 1467 702 Sanctiss.
1491 669 1523 702 in
1540 668 1669 702 Christo
1689 669 1792 702 Patris
1807 674 1840 702 et

1086 722 1121 755 D.
1144 723 1179 755 N.
1206 724 1242 756 D.
1265 723 1356 763 Sint,
1387 723 1493 756 divina
1513 722 1713 767 providentia
1731 723 1837 767 Papae

1086 777 1121 817 V,
1140 787 1225 811 anno
1246 778 1315 810 eius
1327 777 1434 817 tertio,
1451 777 1654 821 supradictae
1666 777 1791 810 litterae
1803 775 1836 809 in

1085 831 1181 865 valvis
1199 832 1418 865 Caneellariae
1438 831 1643 876 Apostolicae
1667 836 1698 864 et
1721 829 1836 864 Curiae

1085 885 1343 919 reverendissimi
1368 885 1400 918 d.
1428 885 1522 918 Urbis
1550 883 1778 927 gubernatoris
1805 888 1837 917 et

1085 938 1118 971 in
1146 939 1215 972 acie
1247 938 1358 982 Campi
1391 938 1503 971 Florae
1528 938 1650 977 affixae,
1682 937 1785 970 lectae
1805 941 1836 970 et

1085 992 1266 1037 publicatae
1279 993 1406 1025 suerunt
1415 1018 1422 1031 ‚
1435 992 1522 1024 iuxta
1534 991 1670 1024 sormam
1692 989 1832 1033 illarum.

1181 1045 1273 1078 Aleae.
1293 1045 1504 1084 Parabiacus,
1526 1045 1622 1087 May.-
1643 1043 1736 1077 Cura.

1131 1098 1216 1129 Publ.
1240 1099 1286 1129 die
1310 1099 1322 1129 1
1341 1099 1402 1129 dec.
1426 1098 1514 1134 1587,
1534 1098 1640 1137 pontis.
1657 1107 1734 1128 anno
1752 1105 1795 1127 111.

1409 1255 1508 1289 CXIV.

1087 1342 1370 1386 Inclulqentim·um
1390 1341 1538 1385 elarqitio
1551 1351 1609 1385 pro
1624 1340 1836 1384 quorumdam

1130 1396 1385 1429 christianorum
1431 1396 1664 1438 imperatorum
1709 1394 1835 1426 mimis-

1130 1453 1220 1482 mata
1242 1449 1452 1491 nescientibus,
1474 1453 1530 1481 cmc
1546 1449 1704 1488 ecclesias,
1725 1447 1780 1480 ubi
1799 1457 1836 1480 ea

1131 1506 1350 1542 asservantur,
1372 1502 1591 1541 visitantibus,
1613 1505 1642 1534 et
1659 1502 1718 1546 pia
1741 1510 1837 1544 opera

1133 1556 1184 1588 hic
1199 1566 1348 1598 expressa
1368 1556 1596 1588 eccm-centibus.

1160 1654 1255 1684 sixtus
1275 1653 1426 1690 episeopus,
1438 1660 1535 1682 servus
1550 1659 1691 1682 servorum
1708 1652 1770 1687 Dei.

1225 1709 1260 1737 ad
1283 1709 1445 1744 perpetuam
1469 1708 1511 1737 rei
1534 1708 1705 1737 memoriam.

1133 1778 1424 1827 Laudamus'viros
1451 1793 1619 1835 gloriosos,
1648 1791 1839 1826 christianos

1090 1847 1279 1893 praesertim
1301 1846 1525 1891 imperatores,
1546 1847 1578 1879 in
1598 1846 1638 1879 iis
1662 1857 1758 1890 quae,
1780 1856 1839 1890 pro

1090 1902 1266 1936 christiana
1277 1900 1433 1943 religione
1445 1900 1563 1933 tuenda
1575 1905 1605 1933 et
1616 1899 1837 1944 propaganda,

1090 1956 1142 2001 pie
1161 1966 1198 1988 ac
1220 1954 1388 1999 praeclare
1413 1958 1590 1996 gesserunt,
1612 1953 1689 1986 dum
1714 1952 1840 1997 pietatis

1091 2011 1170 2050 zelo,
1196 2008 1323 2042 virtutis
1343 2007 1564 2050 magnitudine
1584 2012 1614 2040 et
1630 2005 1758 2050 imperii
1771 2016 1839 2038 ma-

1090 2064 1201 2098 iestate
1226 2073 1299 2096 vere
1319 2061 1457 2105 augusti,
1489 2061 1634 2094 eiusdem
1659 2059 1837 2103 religionis,

1090 2126 1188 2160 quam
1208 2115 1359 2148 omnibus
1381 2114 1529 2158 gentibus
1549 2113 1765 2158 omnibusque
1785 2123 1840 2145 na-

1091 2169 1232 2209 tionibus
1259 2169 1343 2202 Deus
1368 2168 1467 2201 voluit
1493 2167 1678 2212 apostolicis
1708 2166 1841 2200 vocibus

1090 2222 1284 2268 praedicari,
1307 2223 1429 2255 cultum
1451 2222 1525 2255 totis
1545 2221 1578 2254 in
1597 2220 1721 2254 Christo
1741 2218 1839 2253 visce-

1090 2277 1182 2310 ribus
1205 2275 1357 2319 amplexi,
1379 2285 1482 2318 usque
1510 2275 1589 2308 adeo
1609 2273 1676 2307 suis
1704 2272 1840 2316 quisque

1092 2329 1292 2373 temporibus
1312 2329 1352 2362 de
1370 2328 1431 2361 hae
1445 2328 1656 2361 sacrosancta
1667 2326 1758 2365 Sede,
1773 2325 1837 2366 cui,

1091 2385 1223 2413 auetore
1243 2378 1391 2418 Domino,
1424 2377 1498 2410 licet
1530 2375 1692 2415 immeriti,
1717 2374 1838 2418 praesi-

1091 2429 1215 2467 demus,
1237 2427 1364 2470 egregie
1384 2424 1562 2470 promereri
1582 2424 1786 2462 studuerunt,
1804 2427 1840 2456 ut,

1090 2488 1164 2510 vera
1183 2482 1214 2510 et
1227 2476 1403 2510 orthodoxa
1422 2475 1513 2515 fides,
1531 2485 1567 2507 ex
1584 2473 1761 2517 apostolico
1776 2472 1837 2505 hoc

1091 2526 1178 2558 sonte
1202 2525 1382 2565 dimanans,
1404 2529 1482 2556 tunc
1506 2532 1618 2556 eorum
1639 2531 1699 2564 ope
1723 2525 1754 2553 et
1779 2529 1835 2562 pa-

1091 2574 1228 2608 trocinio
1245 2573 1381 2614 munita,
1408 2571 1604 2617 propulsatis
1622 2569 1762 2603 bostium
1779 2578 1835 2610 op-
