2059 3228
136 265 138 269 .
162 237 210 267 Aa.
225 237 252 266 C*
274 238 340 268 1580

166 578 278 608 vestigatio
289 583 338 599 eon-

178 610 276 628 anorum.

182 2200 267 2222 monim
273 2209 298 2222 uz.

399 229 462 265 360

355 398 555 438 auctoritate,
578 398 717 431 scienter
731 398 779 430 vel
802 397 998 441 ignoranter,
1025 409 1102 432 con-

355 452 459 493 tigerit
470 451 619 485 attentari
631 451 836 484 decernimus
845 457 875 485 et
885 452 1099 485 declaramus.

367 511 376 514 ’
398 506 412 548 ξ
436 506 468 538 4.
499 505 568 539 Non
589 505 789 539 obstantibus
809 506 1102 547 constitutionibus,

354 564 384 591 et
404 559 665 592 ordinationibus
684 560 881 604 apostolicis,
899 559 995 593 etiam
1008 560 1054 593 Pii
1067 560 1100 601 V,

354 612 611 656 praedecessoris
622 613 734 654 nostri,
748 613 773 646 si
790 623 872 656 quae
897 619 1100 653 emanarunt,

354 665 563 708 pontificatus
574 665 715 699 suianno
732 666 858 710 quinto,
876 667 1104 710 quatenusliu-

353 718 493 751 iusmodi
514 719 670 752 voluntati
691 725 721 752 et
750 720 880 753 decreto
910 726 1019 753 nostro
1047 720 1102 753 ad-

353 777 532 813 versentur,
554 783 590 806 ac
606 773 709 806 dietae
724 774 993 817 congregationis,
1007 774 1102 807 etiam

354 825 547 867 iuramento,
579 826 825 860 confirmatione
855 827 1032 871 apostoliea
1056 827 1103 860 vel

352 878 464 922 quavis
496 879 647 913 firmitate
671 879 734 912 alia
763 880 934 921 roboratis,
964 880 1100 920 statutis,

352 932 644 966 consuetudinibus
664 939 694 966 et
714 932 1017 973 reformationibus,
1039 933 1104 977 pri-

352 986 476 1029 vilegiis
495 997 636 1030 quoque,
660 988 790 1020 indultis
808 993 838 1020 et
852 987 966 1020 litteris
977 993 1104 1031 aposto-

352 1039 421 1073 licis
432 1039 536 1073 eidem
548 1041 790 1083 congregationi
803 1052 860 1085 per
880 1051 1102 1084 quoscumque

352 1091 512 1126 Romanos
533 1093 703 1127 Pontifices
713 1094 956 1138 quomodolibet
972 1104 1103 1127 conces-

351 1145 403 1185 sis,
430 1146 630 1179 confirmatis
659 1153 690 1180 et
724 1147 893 1188 innovatis,
922 1149 1101 1191 ceterisque

351 1199 521 1232 contrariis
542 1200 816 1244 quibuscumque.

393 1252 505 1285 Datum
532 1253 652 1286 Romae
680 1254 764 1297 apud
787 1254 940 1287 Sanctum
957 1254 1098 1295 Petrum,

350 1305 400 1338 die
431 1306 668 1339 decimaoetava
700 1308 893 1348 novembris,
928 1309 1101 1342 millesimo

350 1359 608 1402 quingentesimo
633 1361 866 1405 octuagesimo,
895 1363 1102 1406 pontificatus

350 1418 449 1445 nostri
471 1424 555 1446 anno
576 1423 617 1447 lx.
1046 1442 1052 1445 -

397 1469 460 1500 Dat.
477 1471 524 1501 die
542 1471 577 1502 18
593 1481 660 1502 nov.
683 1472 775 1512 1580,
796 1472 900 1514 pontif.
920 1481 996 1503 anno
1015 1481 1053 1504 ix.

667 1636 779 1670 CXXV.

354 1711 537 1745 Iuris-dictio
557 1712 800 1744 ordinariorum
818 1714 853 1745 in
867 1713 1046 1756 puniendis
1059 1714 1101 1745 ri-

395 1765 507 1806 cariis,
540 1766 776 1808 familiaribus,
807 1766 926 1798 colonis
950 1771 978 1799 el
1004 1767 1103 1798 azini-

394 1818 471 1850 stre's
507 1818 651 1859 fratrum
686 1819 832 1852 militum
858 1820 1028 1862 hospitalis
1065 1820 1098 1852 S.

393 1871 532 1904 Ioannis
550 1872 855 1915 Hierosolymitam',
878 1873 974 1905 iuxta
994 1873 1101 1917 (lispo-

394 1926 545 1958 sitionem
570 1926 701 1959 concilii
722 1926 920 1966 Tridentini,
931 1937 1002 1959 sess.
1017 1936 1099 1967 xxm,

395 1989 464 2023 cap.
487 1988 530 2013 xl.

350 2060 498 2096 Gregorius
507 2060 579 2097 Papa
587 2060 655 2095 xm,
665 2061 699 2090 ad
711 2062 874 2098 perpetuam
882 2060 924 2090 rei
932 2061 1102 2090 memoriam.

393 2140 635 2185 Circumspecta
655 2141 688 2174 in
713 2141 864 2175 omnibus
887 2141 1013 2175 actibus
1037 2142 1102 2175 suis

351 2194 486 2228 Romani
495 2195 661 2229 Pontificis
671 2195 884 2240 providentia,
894 2196 1056 2229 interdum
1066 2207 1103 2229 ea

351 2258 434 2290 quae
445 2249 539 2281 certis
555 2249 652 2282 etiam
672 2249 921 2282 rationabilibus
937 2254 1014 2282 tunc
1032 2260 1104 2282 sua-

353 2301 502 2335 dentibus
521 2303 626 2335 causis
638 2313 655 2335 a
669 2303 748 2337 Sede
760 2302 942 2346 Apostoliea
956 2309 1103 2336 emanata

357 2354 576 2398 reperiuntur,
611 2356 673 2389 alia
693 2356 940 2400 superveniente
965 2356 1101 2397 ratione,

355 2417 416 2449 qua
434 2409 622 2451 praesertim
643 2411 840 2454 populorum
862 2409 1030 2443 offensioni
1051 2420 1104 2443 oc-

354 2461 510 2502 curritur,
527 2467 558 2495 et
569 2462 1023 2506 episcoporumiurisdictioni
1043 2462 1103 2496 rite

355 2514 546 2556 consulitur,
570 2515 737 2557 reducere,
752 2527 788 2550 ac
808 2526 897 2549 suam
914 2516 1104 2549 declaratio-

354 2575 428 2598 nem
446 2566 649 2611 interponere
670 2569 845 2610 consuevit,
862 2575 893 2603 et
912 2569 991 2602 alias
1011 2569 1105 2602 desu-

355 2629 413 2663 per
432 2619 584 2664 disponit,
606 2628 713 2666 prout,
737 2628 933 2667 temporum,
951 2633 1060 2656 rerum
1072 2627 1104 2656 et

947 238 1124 263 nummum
1148 237 1297 262 normann

355 304 419 336 que
434 292 565 332 debere;
583 290 710 324 irritum
723 301 853 335 quoque
864 295 893 324 et
905 290 999 324 inane
1011 291 1103 335 quic·
1123 290 1126 332 ξ
1146 298 1358 333 personarum
1390 289 1541 333 qualitate
1567 295 1709 334 pensata,
1742 288 1895 334 perspicit

355 346 433 390 quid
456 356 548 378 secus
567 355 665 389 super
684 343 734 378 his
754 355 770 377 a
791 355 970 389 quoquam,
993 345 1104 389 quavis
1146 343 1178 376 in
1203 343 1339 377 Domino
1360 343 1534 376 salubriter
1554 344 1716 388 expedire.

1188 396 1203 440 ἓ
1223 397 1254 430 l.
1278 396 1357 430 Cum
1378 396 1487 440 itaque
1508 402 1709 440 compertum
1726 396 1764 430 sit
1784 407 1896 441 quam·
1907 418 2015 442 eon-um

1145 450 1304 494 plurimos
1324 451 1460 484 elericos
1480 451 1661 484 saeculares
1683 461 1741 483 nec
1759 460 1822 483 non
1839 450 1896 483 lai·
1974 454 1978 460 ’
2014 441 2016 451 ὓ

1145 514 1211 544 eos,
1233 504 1344 547 gratiis
1366 509 1396 537 et
1426 503 1615 548 privilegiis,
1650 504 1768 547 quibus
1798 503 1895 537 Sedes

1144 558 1327 602 Apostolica
1347 557 1484 591 dilectos
1503 556 1586 590 filios
1598 557 1800 600 magistrum,
1817 568 1895 590 eon·
1985 595 1988 597 ,

1144 617 1274 644 ventum
1295 616 1327 644 et
1351 610 1469 644 milites
1504 610 1670 655 hospitalis
1703 610 1734 643 S.
1767 610 1895 644 Ioannis
1972 617 1989 657 ,ζ

1145 664 1439 709 Hierosolymssani,
1464 664 1503 697 de
1527 664 1696 707 republica
1722 663 1895 697 christiana
1970 669 1990 694 ’ὴ
2015 683 2016 686 =

1145 718 1266 762 optime
1288 728 1415 761 semper
1434 718 1574 758 meritos,
1593 728 1629 750 ac
1654 728 1765 750 eorum
1790 718 1895 751 eecle-

1145 771 1206 804 sias
1226 777 1257 804 et
1277 772 1347 805 loca
1364 771 1538 804 liberaliter
1558 776 1729 815 prosecuta
1744 775 1802 811 est,
1821 771 1896 804 abu-

1146 830 1258 865 tentes,
1281 825 1366 858 unde
1386 825 1445 858 sibi
1462 824 1643 868 religiosius
1657 824 1778 857 vivendi
1792 825 1894 868 legem

1144 878 1312 922 imponere
1344 879 1512 919 deberent,
1545 878 1619 911 inde
1652 877 1783 911 laxioris
1812 877 1895 911 vitae

1145 932 1347 965 occasionem
1366 932 1522 976 arripere,
1549 932 1627 964 dum
1657 931 1770 971 varios
1800 942 1895 975 saepe

1145 985 1240 1018 etiam
1263 996 1370 1026 vanos,
1393 984 1605 1028 exemptionis
1617 984 1840 1028 libertatisque
1855 985 1894 1018 ti-

1145 1039 1228 1071 tulos
1249 1044 1456 1083 praetexunt;
1479 1039 1532 1071 alii
1553 1038 1683 1080 quidem
1715 1039 1803 1082 quod
1837 1049 1895 1083 pro

1143 1091 1281 1132 vicariis,
1310 1092 1517 1137 cappellanis,
1545 1091 1700 1125 ministris
1732 1097 1763 1125 et
1795 1091 1896 1125 inser-

1143 1145 1306 1178 vientibus
1326 1145 1471 1178 ecclesiis
1491 1145 1568 1178 dicti
1583 1144 1751 1188 hospitalis
1761 1155 1896 1189 quomo-

1143 1198 1263 1231 dolibet
1283 1198 1435 1242 adscripti
1456 1197 1529 1238 sint,
1552 1197 1606 1231 alii
1629 1208 1705 1231 vero
1732 1199 1819 1242 quod
1843 1209 1896 1232 co-

1143 1251 1221 1291 loni,
1244 1257 1474 1295 procuratores
1498 1258 1528 1285 et
1551 1251 1726 1285 familiares
1750 1251 1894 1295 ipsorum

1143 1304 1283 1337 militum
1304 1305 1449 1346 existant,
1470 1305 1616 1349 quamvis
1635 1304 1667 1338 in
1683 1304 1824 1349 propriis
1836 1306 1894 1339 do-

1143 1359 1250 1392 mibus
1282 1359 1417 1392 licenter
1451 1360 1581 1403 degant,
1616 1359 1828 1392 nihilominus
1857 1370 1892 1393 ex

1142 1412 1383 1455 praedictorum
1402 1412 1542 1446 militum
1554 1412 1729 1456 privilegiis
1748 1412 1895 1446 illorum-

1142 1476 1204 1508 que
1226 1466 1484 1507 confirmatione,
1508 1465 1602 1499 etiam
1625 1470 1698 1510 post
1717 1465 1892 1499 concilium

1142 1519 1366 1552 Tridentinum
1391 1530 1408 1552 a
1433 1519 1536 1553 felicis
1570 1519 1805 1553 recordationis
1837 1520 1894 1553 Pio

1142 1573 1225 1616 Papa
1252 1573 1283 1614 V,
1314 1573 1562 1617 praedecessore
1593 1578 1715 1614 nostro,
1749 1574 1891 1615 obtenta,

1144 1627 1354 1670 praetendant
1373 1637 1406 1660 se
1426 1627 1465 1660 ab
1486 1627 1574 1660 omni
1596 1626 1820 1660 iurisdictione
1839 1637 1892 1660 or·

1143 1680 1342 1714 dinariorum
1364 1686 1529 1726 exemptos
1554 1691 1634 1722 esse,
1668 1691 1728 1714 nec
1759 1681 1798 1714 ab
1830 1681 1894 1714 illis

1144 1734 1278 1778 inquiri,
1300 1734 1432 1776 visitari,
1455 1735 1563 1779 puniri
1583 1742 1638 1769 aut
1657 1735 1774 1778 corrigi
1787 1745 1891 1780 posse,

1143 1796 1246 1832 eoque
1267 1788 1348 1832 ipso,
1371 1789 1562 1822 delictorum
1584 1799 1718 1822 suorum
1743 1788 1801 1822 sibi
1831 1789 1892 1822 im-

1143 1841 1289 1885 punitate
1309 1842 1479 1886 promissa,
1502 1853 1631 1886 gravem
1652 1842 1684 1875 in
1706 1842 1827 1886 populo
1847 1843 1894 1876 of-

1145 1894 1321 1928 fensionem
1342 1896 1510 1939 praebere,
1543 1901 1573 1929 et
1603 1896 1637 1929 in
1665 1895 1892 1940 episcoporum

1144 1948 1365 1982 iurisdictione
1387 1949 1664 1992 perturbationem
1683 1949 1717 1982 in
1737 1949 1804 1983 dies
1823 1960 1892 1983 ma-

1143 2001 1244 2035 iorem
1269 2002 1408 2035 excitare
1429 2002 1670 2045 dignoscantur.

1187 2055 1201 2098 ἓ
1227 2054 1258 2088 2.
1287 2055 1411 2088 Idcirco
1432 2066 1490 2089 nos
1516 2055 1594 2089 huie
1633 2056 1731 2098 malo,
1758 2056 1845 2099 quod
1874 2067 1894 2090 a
1920 2061 2000 2100 .neti
2019 2048 2036 2081 st

1144 2107 1308 2151 praedicto
1329 2109 1468 2142 coneilio
1494 2110 1595 2142 multo
1615 2115 1690 2143 ante
1709 2109 1892 2154 praevisum
1905 2095 2018 2151 {offusis

1144 2160 1258 2201 fuerat,
1271 2161 1442 2195 salubriter
1449 2162 1617 2206 providere
1627 2162 1780 2204 volentes,
1804 2168 1893 2196 motu

1144 2214 1289 2258 proprio,
1311 2224 1377 2247 non
1397 2215 1436 2248 ad
1458 2215 1595 2248 alicuius
1615 2215 1707 2249 nobis
1722 2216 1893 2260 superhoe

1144 2267 1268 2300 oblatae
1289 2267 1453 2312 petitionis
1473 2268 1668 2310 instantiam,
1690 2269 1745 2303 sed
1757 2280 1793 2302 ex
1805 2279 1893 2303 mera

1144 2326 1253 2353 nostra
1272 2321 1435 2355 voluntate
1451 2332 1487 2355 ae
1507 2321 1740 2356 deliberatione
1759 2327 1790 2355 et
1804 2328 1892 2356 certa

1144 2374 1286 2415 scicntia,
1301 2375 1406 2419 deque
1426 2375 1619 2419 apostelicae
1640 2376 1804 2420 potestatis
1822 2376 1890 2420 ple-

1145 2428 1305 2470 nitudine,
1331 2429 1440 2463 omnia
1459 2434 1489 2463 et
1509 2430 1632 2473 singula
1648 2429 1826 2474 privilegia,
1841 2440 1893 2462 ex-

1144 2477 1337 2520 emptiones,
1377 2478 1497 2521 gratias
1527 2484 1557 2512 et
1578 2479 1702 2512 indulta
1722 2478 1890 2521 magistro,

1145 2527 1328 2568 conventui,
1352 2527 1509 2560 militibus
1529 2532 1558 2560 et
1579 2527 1712 2561 militiae
1731 2527 1806 2561 dicti
1832 2527 1891 2559 lio-

1145 2575 1269 2618 spitalis
1290 2585 1346 2619 per
1365 2586 1588 2620 quoscumque
1608 2576 1768 2610 Romanos
1787 2576 1892 2609 Ponti-

1145 2623 1222 2657 fices
1258 2624 1521 2669 praedecessores
1554 2630 1679 2659 nostros
1717 2630 1747 2658 et
1776 2624 1890 2660 Sedent

1972 831 2002 1159 -J'ut-u'aezmfflfffflv‘
1975 804 1982 815 ''
1975 735 1993 775 *.‘

1975 2039 1982 2045 ”
1975 1589 2005 1999 msa-‘maur
1988 1575 1991 1579 ·
1979 1460 2003 1564 emt-u-
1979 1305 2003 1446 μκή-«4
1983 1177 2001 1293 »aaut
