2059 3228
154 249 204 275 Αη.
220 249 250 276 c.
270 250 334 277 ¹574
395 239 437 272 90

349 301 424 333 dere
443 300 622 333 volentibus
641 299 759 340 locare,
779 305 834 334 aut
853 298 885 333 in
902 302 1090 345 emphyteu-

347 354 421 393 sim,
450 354 544 386 etiam
578 353 616 385 ad
640 354 772 396 longum
810 359 934 398 tempus
969 356 1016 388 vel
1050 356 1089 389 ad

346 406 442 439 unius
462 413 513 439 aut
535 407 677 450 plurium
699 418 910 451 personarum
936 409 998 442 sive
1018 421 1088 442 suc-

346 460 536 493 cessivarum
559 460 623 493 sive
651 460 920 494 nominandarum
944 462 1023 495 vitas
1040 469 1087 495 at-

343 523 405 555 que
429 513 523 545 etiam
558 519 727 557 perpetuo,
758 515 939 549 concedere
955 543 962 556 ‚
982 516 1031 549 vel
1052 527 1085 549 e-

344 565 419 597 tiam
436 566 584 607 vendere,
606 572 661 600 aut
679 567 756 601 alias
771 567 910 601 alienare
930 579 988 613 pro
1006 580 1085 613 pen-

341 618 428 651 sione
449 623 504 651 aut
527 629 650 653 canone
669 625 724 653 aut
751 621 856 663 pretio
887 622 974 664 quod
994 633 1085 666 repe-

340 671 397 703 riri
417 671 546 715 poterit,
581 671 625 705 ita
657 673 787 716 quidem
806 679 841 706 ut
877 685 914 707 ex
938 675 1084 718 pluribus

339 724 400 757 hoc
435 735 510 758 casu
530 725 741 767 oblatoribus,
773 727 798 760 si
818 728 890 771 quis
920 729 966 761 rei
985 729 1084 772 parti-

338 787 413 820 ceps
432 783 487 810 aut
502 788 634 812 consors
655 779 764 820 fuerit,
786 780 813 813 is
832 791 909 823 prae
934 781 1082 814 omnibus

337 829 490 870 obtineat,
510 831 570 864 nisi
589 831 696 865 forsan
716 838 748 866 et
767 833 833 876 ipse
850 833 882 866 in
902 834 1081 867 claudendo

336 883 499 926 negligens
527 884 641 925 fuerit3
673 891 800 929 praeter
832 887 918 919 hunc
951 892 1077 928 autem,

333 935 429 968 vicini
455 937 569 970 ceteris
594 943 641 978 et,
659 937 743 971 inter
756 938 888 979 vicinos,
909 939 964 983 qui
980 940 1080 983 magis

333 987 469 1031 indiget,
501 990 549 1023 vel
574 990 630 1033 qui
649 991 772 1024 vicinus
806 997 852 1024 est
881 1002 899 1024 a
930 992 1079 1035 pluribus

331 1041 494 1084 partibus;
528 1042 612 1076 inter
645 1049 767 1077 ceteros
791 1055 884 1085 vero,
919 1044 974 1088 qui
1006 1045 1078 1089 plus

326 1094 452 1138 quique
471 1095 511 1128 ad
526 1096 681 1130 maiorem
696 1096 789 1129 Urbis
809 1103 956 1130 ornatum
969 1097 1079 1130 aedifi-

327 1157 404 1180 ·care
421 1148 559 1182 voluerit
578 1150 787 1192 praeferatur,
810 1150 930 1184 iudicio
950 1161 1077 1184 corum-

331 1200 404 1233 dem
424 1202 592 1235 camerarii
612 1208 642 1236 et
659 1203 898 1246 magistrorum.

374 1254 389 1297 ς
408 1253 439 1286 4.
462 1255 522 1288 Pro
543 1256 671 1299 privatis
690 1262 797 1289 autem
813 1257 966 1291 aediliciis
986 1258 1073 1291 simi-

178 1312 316 1347 {Edfficautes
328 1306 401 1339 liter
415 1313 470 1340 aut
489 1309 578 1341 novis
598 1310 821 1343 construendis
841 1317 896 1344 aut
914 1312 1074 1345 veteribus

125 1347 314 1402 ἷῗέξξῖζηοωᾞζ
328 1360 531 1403 ampliandis,
545 1362 640 1395 liceat
653 1363 847 1406 cuicumque
860 1365 971 1406 quovis
980 1376 1072 1399 muro

130 1405 288 1433 ‘⁰¹“¹⁰¹'‘⁶¹¹⁰³
328 1413 389 1445 sibi
412 1415 596 1459 propinquo
615 1416 714 1449 libere
747 1417 812 1457 uti,
846 1417 938 1461 eique
963 1419 1069 1461 tigna,

326 1466 449 1510 lapides
477 1467 636 1512 aliamque
665 1470 830 1502 materiam
859 1471 997 1505 aedificii
1021 1473 1070 1506 sui

325 1524 495 1563 totumque
514 1521 620 1565 ipsum
653 1523 1016 1567 aedificiuminiungere
1040 1532 1071 1559 et

325 1579 508 1614 annectere,
530 1574 626 1607 etiam
642 1575 668 1608 si
693 1586 806 1609 murus
823 1576 848 1609 is
869 1578 907 1609 ad
927 1578 1068 1612 vicinum

325 1636 419 1658 suum
449 1632 532 1660 totus
564 1628 733 1672 pertineat,
768 1631 931 1673 persoluto
960 1636 1068 1665 tamen

323 1678 467 1712 eiusdem
502 1681 586 1713 mini
620 1681 752 1715 dimidio
781 1683 896 1726 pretio,
933 1685 972 1717 ad
997 1696 1066 1718 eam

322 1731 588 1774 aestimationem,
610 1745 707 1777 quam
719 1735 783 1768 duo
803 1735 909 1779 periti,
927 1748 1065 1779 quorum

321 1784 464 1827 singulos
488 1786 632 1830 singulae
665 1793 772 1830 partes
805 1788 976 1831 elegerint3
1003 1791 1063 1832 vel,

319 1836 384 1869 illis
403 1838 616 1879 discordibus,
638 1839 699 1883 ipsi
720 1841 842 1874 viarum
859 1843 999 1885 magistri
1015 1844 1066 1877 de-

320 1890 521 1924 claraverint.

363 1944 378 1987 g
398 1944 429 1978 5.
451 1944 522 1978 Etsi
537 1945 621 1978 inter
631 1945 712 1980 duas
725 1947 837 1980 domos
846 1947 969 1980 viculus
985 1949 1064 1982 sorte

123 2033 128 2037 ,
175 2003 303 2040 ‘i'icuiosque
319 1995 382 2029 sive
406 1996 613 2041 intercapedo
632 1998 730 2032 trium
752 1999 890 2040 circiter,
911 2007 945 2032 ut
965 2002 1061 2042 solet,

122 2036 305 2088 2332?ssin
319 2050 501 2092 palmorum
521 2051 663 2093 intersit,
694 2052 788 2085 liceat
807 2053 835 2085 ei
865 2053 919 2096 qui
940 2054 1064 2096 primus

122 2095 253 2122 ³⁴²⁵²¹¹¹3²¹²³
318 2102 352 2134 in
371 2103 470 2136 altera
489 2105 674 2138 earumdem
695 2105 865 2138 domorum
894 2107 1062 2140 aedificare

319 2157 471 2198 eoeperit,
494 2157 601 2191 habita
616 2163 723 2191 tamen
743 2159 782 2192 ab
809 2159 886 2202 ipsis
906 2160 1063 2202 magistris

318 2207 458 2248 licentia,
481 2215 583 2243 totum
616 2211 674 2244 sibi
695 2211 852 2252 viculum,
883 2213 972 2246 nullo
992 2225 1063 2257 per-

318 2261 421 2293 soluto
442 2263 555 2305 pretio,
591 2274 750 2308 occupare
782 2275 818 2297 ac
853 2264 963 2297 domui
987 2276 1062 2299 suae

319 2313 504 2357 adiungere,
531 2316 728 2361 domumque
747 2318 787 2350 ad
816 2316 911 2350 vicini
931 2328 1060 2351 murum

318 2367 507 2409 producere,
527 2375 743 2413 muroque‚ut
758 2380 856 2414 supra
874 2370 992 2403 dictum
1006 2378 1061 2411 est,

319 2420 534 2453 communiter
553 2422 611 2455 uti.

362 2467 377 2509 g
392 2467 422 2500 6.
436 2469 473 2500 At
489 2469 512 2501 si
534 2470 604 2512 quis
615 2470 757 2511 domum,
772 2472 904 2505 fundum
918 2482 1061 2506 solumve

134 2524 222 2547 vicinos
241 2527 304 2546 enam
317 2515 451 2556 habens,
474 2517 517 2549 ibi
537 2518 698 2551 aedificari
718 2519 863 2559 voluerit,
889 2519 935 2552 itti
955 2531 1061 2553 came-

122 2566 199 2586 ‘0W2
227 2562 251 2581 ³¹¹
273 2561 304 2581 ⁶³⁵
320 2564 423 2597 rarius
435 2565 613 2607 etmagistri
633 2568 764 2610 praefati
779 2573 894 2611 cogant
906 2568 997 2601 vendi
1008 2569 1063 2602 do-

120 2591 305 2612 vendendumtoca

121 2623 190 2644 viem
212 2624 258 2644 aa,
273 2624 305 2644 ιο-
319 2624 388 2647 mos
411 2614 534 2656 aliaque
569 2615 638 2648 loca
658 2617 760 2649 eidem
790 2618 917 2659 domui,
948 2618 1058 2660 fundo,

961 249 1138 273 mmmmm
1162 249 1310 273 amima!

1887 251 1938 279 An.
1977 273 1984 280 .

1131 302 1199 334 solo
1219 302 1331 341 vicina,
1352 312 1433 345 quae
1454 313 1565 336 eorum
1599 304 1721 337 domini
1740 314 1805 338 non
1824 304 1874 338 iu-
1888 313 1942 348 cm,
1955 313 2025 344 ως»
2050 343 2052 353 ,

1131 355 1250 397 colunt,
1271 354 1326 387 sed
1347 355 1453 387 locare
1477 356 1591 397 solent,
1614 368 1761 401 quaeque
1778 357 1874 391 iidem
1887 342 1989 402 :abela
2049 360 2051 397 ἶ

1130 407 1327 440 camerarius
1346 413 1376 440 et
1410 409 1551 451 magistri
1583 410 1769 443 huiusmodi
1789 411 1874 444 aedi·
1886 404 2029 463 2:322„
2044 430 2050 457 >1

1129 460 1202 492 ticio
1222 460 1313 493 utilia
1330 467 1359 493 et
1371 462 1550 494 necessaria
1564 463 1753 506 putaverint,
1770 464 1872 507 pretio
1887 469 1936 488 ¹²⁰¹·

1128 517 1233 545 tamen
1253 519 1347 546 aucto
1367 514 1558 547 duodecima
1581 515 1649 549 eius
1667 522 1757 560 parte
1788 517 1873 550 ultra
1977 511 1980 514 ⁴
2003 519 2006 521 ’

1126 566 1379 599 aestimationem
1390 567 1485 600 modo
1497 568 1659 611 praedicto
1678 569 1869 603 faciendam.

1127 618 1161 650 Et
1181 619 1408 659 nihilominus,
1430 620 1454 652 si
1480 620 1662 654 aedificium
1695 621 1801 665 ipsum
1823 623 1872 656 in—

1124 670 1212 713 signe
1231 672 1376 704 futurum
1405 672 1465 713 sit3
1499 673 1594 717 eique
1618 675 1814 718 perficiendo
1838 687 1872 709 a-

1124 723 1211 767 liqua
1231 725 1355 765 domus,
1377 726 1472 771 etiam
1507 737 1524 759 a
1558 726 1688 760 domino
1716 728 1868 770 habitata,

1123 777 1170 808 vel
1198 777 1310 811 hortus
1342 779 1461 811 aliusve
1495 779 1584 812 locus
1611 780 1712 813 muris
1740 782 1868 816 clausus

1123 836 1325 872 opportunus
1336 831 1518 872 cohaereat,
1532 843 1569 865 eo
1585 843 1661 865 casu
1676 833 1867 876 (dummodo

1122 882 1302 915 aedificium
1322 884 1386 917 iam
1406 890 1554 928 coeptum
1571 885 1618 926 sit,
1640 885 1737 928 idque
1755 897 1774 919 a
1788 887 1867 921 duo-

1120 934 1180 967 bus
1199 937 1311 969 saltem
1346 937 1499 971 lateribus
1532 939 1702 972 cohaereat
1739 939 1863 981 domui,

1120 987 1213 1021 horto
1232 990 1280 1022 vel
1300 990 1371 1023 loco
1391 991 1594 1032 huiusmodi,
1636 992 1786 1035 illiusque
1809 1004 1864 1027 ae-

1119 1041 1334 1075 stimationem
1371 1045 1552 1088 quadruplo
1586 1045 1625 1077 sit
1645 1047 1865 1090 excessurum)

1118 1100 1232 1137 cogant
1251 1096 1431 1138 dominum,
1453 1098 1547 1130 etiam
1578 1097 1622 1131 sic
1648 1098 1861 1140 habitantem,

1118 1151 1152 1178 ut
1171 1147 1314 1187 domum,
1348 1149 1479 1182 hortum
1511 1151 1559 1183 vel
1592 1151 1699 1184 locum
1732 1152 1859 1193 vendat,

1116 1204 1210 1232 aucto
1230 1206 1336 1233 tamen
1352 1202 1437 1235 dicto
1457 1203 1559 1246 pretio
1576 1203 1615 1235 ad
1634 1203 1779 1246 quintam
1793 1204 1862 1238 eius

1116 1257 1250 1295 partem,
1281 1254 1418 1298 dataque
1447 1255 1508 1299 ipsi
1537 1256 1668 1289 domino
1700 1267 1753 1290 sex
1772 1268 1862 1291 men-

1114 1304 1198 1337 sium
1218 1305 1370 1339 dilatione
1388 1313 1457 1351 post
1477 1308 1591 1341 saetam
1624 1309 1858 1352 venditionem,

1114 1368 1178 1400 quo
1198 1358 1326 1392 interim
1345 1360 1466 1394 ibidem
1489 1372 1679 1404 permanens
1689 1362 1784 1396 aliam
1799 1363 1859 1396 sibi

1113 1410 1342 1445 habitationem
1362 1424 1476 1457 parare
1495 1414 1604 1458 possit.

1155 1464 1170 1506 ξ
1191 1464 1220 1497 7.
1240 1465 1419 1507 Praeterea,
1438 1478 1524 1508 cum,
1543 1468 1584 1500 ob
1601 1467 1779 1501 ducendam
1793 1468 1858 1503 sive
1895 1479 1985 1517 nomini·
1999 1513 2001 1515 ι
2013 1478 2022 1488 ¹

1111 1516 1310 1559 dirigendam
1329 1519 1422 1560 viam,
1441 1521 1489 1553 vel
1519 1521 1559 1554 ob
1579 1521 1668 1554 aliud
1691 1532 1772 1565 opus
1798 1533 1857 1566 pu·
1869 1514 2012 1564 Ξῗξ,“’ἒῖ,““
2032 1521 2033 1525 ’

1110 1569 1241 1611 blicum,
1263 1572 1371 1616 aliqua
1385 1584 1459 1616 pars
1473 1573 1610 1607 alicuius
1621 1574 1746 1616 domus,
1759 1586 1854 1619 quam
1879 1579 1912 1594 '¹¹²¹
1931 1572 1992 1595 Μή*

1868 1575 1919 1630 ¹gunt
1968 1605 1988 1625 vi
1995 1614 2003 1622 a
2023 1619 2024 1622 ,

1110 1622 1258 1657 (lominus
1278 1625 1346 1658 sine
1366 1626 1432 1659 ulla
1450 1627 1563 1660 fraude
1581 1632 1658 1660 tunc
1676 1627 1852 1669 habitaret,
1868 1628 2029 1664 τοπῑῑπὲυοε.ἶ,

1109 1677 1257 1710 mandato
1281 1678 1441 1711 dictorum
1479 1679 1707 1723 magistrorum
1748 1680 1854 1714 diruta
1867 1666 2018 1723 ffiiessfssish

1109 1729 1219 1770 fuerit,
1240 1731 1324 1764 unde
1359 1732 1474 1765 domus
1512 1732 1700 1766 habitationi
1733 1733 1852 1767 domini
1866 1728 1938 1786 23:³3„
1952 1727 2035 1782 ᾆξ’]

1107 1781 1311 1817 incommoda
1330 1785 1498 1826 efficiatur,
1533 1792 1568 1819 ut
1600 1786 1755 1819 familiam
1787 1790 1927 1841 110113·ῧῇ
1954 1789 2013 1846 eff

1107 1835 1221 1879 capiat,
1245 1837 1270 1869 si
1289 1837 1374 1870 iuxta
1407 1838 1494 1871 illam
1528 1839 1624 1872 suerit
1656 1840 1718 1872 alia
1737 1840 1852 1874 domus
1866 1852 1968 1873 minorem
1982 1852 1988 1873 i

1106 1899 1212 1922 annua
1248 1890 1401 1934 pensione
1421 1892 1467 1924 vel
1500 1892 1577 1925 alias
1605 1892 1704 1925 locari
1737 1889 2008 1942 solita‚2{¹q¹ffi⁵{'.¹,⁵

1105 1942 1196 1974 euius
1216 1944 1442 1977 coniunctione
1462 1945 1647 1979 huiusmodi
1673 1945 1851 1979 incommo-
1864 1949 1922 1965 ⁸⁰⁸⁰*
1937 1948 1992 1965 ⁵³¹⁵*

1105 1995 1194 2028 ditati
1214 1997 1374 2029 subveniri
1408 1997 1518 2040 possit,
1537 2004 1571 2030 ut
1591 1998 1622 2030 id
1642 1998 1714 2038 fiat,
1736 2003 1851 2042 cogant

1104 2059 1173 2081 eam
1205 2049 1334 2082 domino
1353 2050 1468 2083 domus
1501 2050 1638 2091 dirutae,
1673 2051 1698 2084 si
1719 2051 1762 2084 ibi
1792 2049 1860 2085 de-’

1104 2101 1212 2146 inceps
1231 2103 1431 2137 habitaturus
1450 2104 1504 2144 sit,
1519 2104 1611 2137 vendi
1629 2105 1734 2148 pretio
1761 2106 1848 2148 quod

1104 2157 1287 2199 supradicto
1303 2157 1398 2190 modo
1415 2157 1616 2190 aestimatum
1634 2158 1740 2191 suerit.
1757 2158 1848 2198 Quod

1103 2208 1127 2241 si
1148 2209 1345 2243 diversorum
1375 2211 1580 2244 dominorum
1605 2212 1719 2245 domus
1737 2211 1849 2245 huius-

1103 2263 1191 2295 modi
1217 2263 1372 2297 iacturam
1410 2276 1520 2309 passae
1551 2265 1650 2298 locari
1684 2265 1844 2305 solebant,

1102 2326 1166 2348 non
1186 2323 1293 2350 autem
1312 2317 1460 2358 habitari,
1495 2318 1556 2351 alio
1577 2318 1721 2362 ipsorum
1745 2318 1847 2351 domi-

1103 2379 1218 2401 norum
1253 2375 1399 2414 petente,
1435 2377 1567 2414 cogatur
1598 2371 1680 2404 alius
1713 2371 1846 2404 domum

1103 2431 1192 2454 suam
1213 2423 1258 2456 sic
1278 2424 1417 2456 dirutam
1450 2425 1497 2457 vel
1518 2424 1654 2457 excisam
1686 2424 1844 2465 vendere,

1103 2472 1273 2506 constituto
1283 2474 1387 2516 pretio
1396 2474 1435 2506 ad
1450 2474 1701 2506 aestimationem
1722 2474 1846 2517 praedi-

1103 2525 1197 2560 ctam,
1221 2522 1279 2554 hac
1311 2528 1418 2555 tamen
1434 2522 1635 2556 distinctione
1666 2522 1785 2564 habita,
1811 2528 1846 2556 ut

1103 2567 1194 2601 detur
1209 2570 1296 2613 optio
1317 2571 1374 2611 illi,
1396 2571 1450 2614 qui
1471 2571 1627 2604 minorem
1646 2570 1799 2603 iacturam
1814 2571 1846 2603 in

1102 2628 1158 2650 sua
1178 2629 1288 2662 passus
1309 2619 1415 2659 suerit,
1437 2629 1477 2652 an
1510 2620 1576 2662 ipse
1594 2619 1668 2653 velit
1696 2619 1789 2652 aliam
1809 2630 1844 2652 e-
