2059 3228
33 243 78 271 An.
95 242 125 271 C.
143 242 208 269 1573

31 1453 158 1488 :mentulis-e.

30 2317 130 2343 Emeutio
139 2323 199 2346 prae·

20 2349 118 2371 dictarum
140 2350 199 2371 litte-

19 2385 86 2401 nrum

822 239 998 263 nimiminus
1018 239 1070 262 Xlll
1094 239 1128 261 [Τ

1673 229 1713 263 37

223 293 276 332 illa
296 299 509 332 concernunt,
532 292 638 325 omnia
658 299 688 324 ct
703 292 827 333 singula
844 291 874 323 in
892 290 968 333 ipsis
1008 295 1061 322 aut
1077 300 1293 324 unuseormn,
1310 301 1364 331 per
1378 302 1409 320 se
1425 290 1468 321 vel
1486 290 1584 321 alium
1597 301 1650 323 seu
1664 292 1755 331 alios,

220 345 333 379 litteris
346 351 376 379 et
396 346 546 389 capitulis
561 351 722 384 contenta,
748 354 873 377 necnon
895 343 966 375 inde

220 405 329 432 secuta
349 410 592 442 ‹piam-tuumne,
620 398 706 430 licita
727 403 831 430 tamen
858 401 887 429 ct
911 397 967 428 lio-

219 457 327 491 nesta,
352 458 382 484 et
401 458 560 495 quatenus
581 458 725 494 tempore
749 449 892 483 eiusdem
920 448 964 481 l‘ii

220 505 476 548 praedecessoris
496 506 612 538 suerint
631 505 661 537 in
684 514 754 541 usu,
777 503 965 541 (ltunmodo,

218 559 322 602 quoad
337 569 527 601 synagogam
545 570 640 601 quam
663 557 721 600 ipsi
743 557 891 588 Anconae
908 556 965 587 ba-

218 611 306 651 bent,
329 610 382 643 illa
399 611 437 643 sit
456 616 601 655 separata
620 610 659 642 ab
672 609 868 642 habitatione
884 608 967 640 ebri—

217 664 395 697 stianorum
411 669 443 696 et
463 664 493 697 iu
516 668 636 697 remota
653 668 742 706 parte
758 661 873 705 posita,
888 671 966 703 quo-

217 717 256 750 ad
281 727 355 750 vcro
374 717 452 750 alias
472 727 645 761 synagogas
663 715 869 753 corumdem,
893 714 965 746 illae

215 769 298 802 intra
322 770 467 813 gliettum
487 770 623 802 aliorum
646 768 866 801 Hebraeorum
888 778 965 800 con—

214 823 390 856 stituantur
423 828 453 856 et
486 827 672 855 serventur:
701 821 807 864 quoad
838 820 966 853 absolu-

214 876 334 909 tionem
360 882 390 910 et
409 875 630 909 remissionem
652 885 848 917 poenarum,
871 884 964 906 occa-

214 929 303 962 sione
332 928 565 962 meleficiorum
601 938 658 972 per
683 938 737 960 eos
763 933 964 971 perpe-{mlo-

214 992 298 1022 rum,
317 981 495 1014 dummodo
514 981 630 1014 delicta
659 986 770 1014 contra
795 981 890 1013 tidem
915 980 963 1011 vel

213 1034 350 1068 crimina
382 1035 486 1067 laesae
517 1034 691 1067 maiestatis
719 1045 782 1066 non
811 1034 961 1072 existant,

212 1087 402 1121 auctoritate
413 1087 601 1131 apostolica,
613 1093 724 1120 tenore
735 1086 963 1130 praesentium,

211 1140 430 1185 approbamus
446 1146 476 1173 et
491 1140 734 1180 confirmamus,
749 1140 876 1182 illisque
888 1150 962 1183 per-

211 1200 326 1237 petuae
362 1199 393 1226 ct
427 1193 618 1226 inviolabilis
648 1192 806 1225 firmitatis
835 1198 962 1225 nostrae

210 1246 312 1279 robur
329 1246 511 1280 adiicimus:
535 1256 661 1279 necnon
681 1256 793 1279 omnes
811 1251 841 1278 et
855 1245 964 1288 singu-

211 1300 260 1332 los
283 1299 364 1332 iuris
382 1305 412 1332 et
439 1299 512 1332 sacti
533 1299 694 1339 defectus,
720 1299 745 1331 si
771 1299 826 1342 qui
856 1299 962 1332 forsan

210 1352 443 1386 intervenerint
461 1354 494 1386 in
514 1353 646 1394 eisdem,
669 1353 867 1396 supplemus.

255 1407 270 1450 ἓ
290 1406 344 1440 19.
365 1407 582 1440 Decernentes
605 1406 714 1439 onmia
734 1411 764 1439 et
784 1405 909 1448 singula
930 1406 961 1438 in

211 1460 421 1503 praeinsertis
453 1460 566 1493 litteris
596 1459 783 1492 huiusmodi
811 1464 961 1492 contenta

211 1523 286 1547 suos
312 1514 428 1546 totales
455 1524 492 1546 ae
513 1513 675 1557 plenarios
699 1514 848 1551 ellectu&
877 1513 962 1545 iuxta

210 1566 430 1610 praesentium
451 1571 633 1599 nostrarum
654 1571 817 1606 tenorem,
839 1566 959 1605 sortiri,

210 1630 247 1652 ac
271 1629 331 1663 per
350 1629 416 1659 eos,
438 1619 477 1652 ad
497 1630 578 1663 quos
598 1624 729 1662 spectat,
749 1619 874 1652 debitae
895 1631 963 1652 exe-

210 1673 333 1706 cutioni
362 1673 568 1713 demandari,
598 1672 889 1716 inviolabiliterque
923 1673 962 1705 ab

209 1725 362 1760 omnibus
381 1726 556 1767 observari,
578 1727 689 1770 sicque
709 1737 767 1770 per
789 1737 963 1770 quoscum-

208 1789 272 1822 que
291 1779 416 1813 iudices
435 1786 465 1812 et
485 1779 735 1819 commissarios,
753 1790 961 1824 quacumque

208 1835 397 1866 auctoritate
409 1833 588 1876 fungentes,
600 1833 854 1866 tamordinarios
864 1844 961 1876 quam

209 1885 384 1929 delegatos,
411 1886 536 1918 sublata
563 1886 609 1919 eis
635 1891 665 1919 et
690 1897 804 1918 eorum
830 1886 963 1919 cuilibet

208 1939 319 1982 quavis
338 1939 432 1972 aliter
450 1939 614 1972 iudicandi
626 1945 655 1972 et
672 1939 903 1983 interpretandi
920 1939 961 1971 sa-

208 1991 327 2025 cultate
347 1997 378 2025 et
397 1993 597 2033 auctoritate,
617 1993 649 2025 in
669 1993 781 2036 quavis
800 1993 960 2031 instantia,

209 2044 330 2087 ubique
355 2045 492 2079 iudicari
520 2051 550 2078 et
577 2046 708 2078 diffiniri
735 2046 864 2085 dehere;
888 2046 960 2078 irri-

210 2102 343 2140 tumque
360 2104 391 2132 et
409 2099 504 2132 inane
517 2099 671 2143 quiequid
687 2110 779 2132 secus
795 2110 893 2143 super
912 2100 961 2132 his

211 2160 229 2182 a
249 2160 429 2194 quoquam,
456 2153 566 2195 quavis
590 2153 798 2193 auctoritaie,
823 2153 961 2186 scienter

211 2203 259 2235 vel
279 2202 475 2246 ignoranter,
502 2205 670 2248 contigerit
690 2205 849 2238 attentari.

256 2256 271 2299 ἓ
294 2255 348 2289 ΞΟ.
370 2256 407 2288 Et
426 2257 638 2291 nibilominus
658 2258 782 2291 dilectis
803 2259 876 2292 tiliis
900 2269 960 2301 gu-

211 2309 376 2342 bernatori
393 2310 574 2353 provinciae
590 2318 717 2344 nostrae
734 2312 890 2344 Marcbiae
902 2313 962 2344 An-

212 2361 394 2402 conitanae‚
416 2368 446 2395 et
474 2362 586 2396 Curiae
611 2375 784 2397 causarum
810 2364 961 2397 Gamerae

210 2411 412 2454 Apostolicae
439 2412 580 2453 generali
605 2413 756 2452 auditori,
783 2424 819 2446 ac
844 2413 961 2446 vicario

1010 342 1222 385 praeinsertas
1238 355 1272 373 ar
1292 348 1474 384 pras-sentes
1493 342 1652 376 littcrasct
1671 345 1700 376 in
1713 346 1756 376 ei-

1009 400 1157 427 contenta
1169 407 1406 437 mmeramme,
1421 395 1473 427 ubi
1489 401 1515 428 et
1532 397 1660 439 (litando
1676 408 1756 441 opus

1010 448 1115 486 suerit,
1132 453 1161 479 et
1177 448 1302 490 ‹pioties
1320 459 1375 490 pro
1394 454 1480 491 parte
1497 450 1684 482 eorumdem
1700 451 1749 482 {le-

1009 500 1191 537 braeoruui,
1203 502 1379 533 'furt-arum
1392 507 1417 533 ct
1433 503 1627 535 tiraecorunt
1641 509 1671 535 et
1682 503 1756 535 alit»-

1010 564 1078 584 rum
1102 559 1315 585 mercatorum
1337 554 1545 586 (lrieutalium
1570 567 1624 587 seu
1651 557 1756 588 cuius-

1009 605 1051 636 vis
1072 616 1183 638 corum
1209 606 1348 648 desuper
1370 607 1482 639 tuerint
1513 609 1656 651 requisiti
1673 636 1680 649 ,
1708 622 1756 642 so-

1009 658 1156 690 lemniter
1170 659 1381 701 publicantes,
1398 659 1506 702 eisque
1521 667 1547 691 et
1566 673 1677 694 eorum
1695 662 1757 694 ,εἰη-

1007 710 1089 751 gulis
1117 711 1148 742 in
1179 711 1362 755 praemissis
1384 713 1536 759 'ertit-aeis
1562 714 1756 747 detensionis

1008 764 1166 806 praesidio
1190 764 1383 802 assistentes,
1411 766 1543 805 iaciant,
1566 768 1755 800 auctoritate

1007 823 1116 850 nostra
1136 818 1235 851 dietas
1264 824 1293 850 et
1319 824 1503 862 praesentes
1532 820 1653 851 litteras
1673 827 1703 853 et
1725 822 1753 852 in

1007 871 1052 902 cis
1069 877 1216 904 contenta
1233 872 1429 912 huiusmodi,
1446 878 1479 905 ut
1497 874 1689 916 praefertur,
1704 875 1754 906 tir-

1008 924 1101 957 mitcr
1121 925 1298 965 observari3
1321 936 1357 958 ac
1379 926 1464 969 ipsos
1483 926 1655 967 Hebraeos,
1678 928 1755 959 Turv

1007 990 1072 1018 cas,
1094 978 1232 1011 Graecos
1259 984 1287 1011 et
1314 979 1392 1012 alios
1420 984 1615 1012 mercatores
1644 991 1754 1013 omne:

1006 1037 1036 1065 et
1055 1032 1210 1075 singulos,
1224 1043 1305 1076 quos
1324 1032 1402 1075 ipsa:
1415 1032 1538 1066 litterae
1551 1034 1754 1076 quomodoli-

1004 1085 1057 1118 bet
1077 1091 1290 1125 concernunt,
1313 1086 1374 1118 illis
1396 1086 1528 1129 pacifice
1548 1086 1611 1119 srui
1632 1092 1662 1119 et
1681 1098 1755 1129 gau-

1005 1138 1092 1171 dere.
1123 1138 1191 1171 Non
1221 1138 1443 1181 permittentes
1472 1149 1584 1172 eorum
1614 1139 1752 1183 aliquem

1005 1203 1063 1235 per
1075 1202 1314 1235 quoscumque,
1338 1197 1449 1224 contra
1467 1192 1595 1224 illarum
1618 1198 1754 1231 tenerer,

1004 1245 1116 1288 quovis
1142 1247 1236 1277 modo
1265 1245 1406 1277 indebite
1427 1245 1601 1286 molestari,
1624 1252 1753 1289 pertur-

1004 1298 1072 1331 bari
1091 1298 1138 1331 vel
1159 1298 1343 1341 inquietari;
1365 1299 1617 1332 contradictores
1636 1300 1738 1343 quosli

1003 1351 1056 1384 bet
1075 1356 1105 1383 ct
1129 1351 1265 1384 rebelles
1285 1362 1343 1395 per
1364 1362 1505 1395 poenas,
1532 1351 1626 1384 etiam
1652 1363 1744 1395 pecu-

1003 1404 1133 1444 niarias,
1156 1404 1215 1437 sibi
1234 1404 1327 1444 visas,
1349 1415 1386 1437 ac
1400 1404 1530 1437 demum
1552 1416 1610 1448 per
1625 1411 1751 1439 senten-

1003 1458 1061 1490 tias
1081 1464 1111 1490 et
1131 1468 1282 1490 censuras
1303 1458 1534 1491 ecclesiasticas
1553 1458 1679 1502 aliaque
1699 1470 1753 1503 op-

1004 1517 1141 1555 portuna
1163 1512 1242 1544 iuris
1267 1517 1295 1545 et
1324 1512 1396 1544 sacti
1425 1512 1587 1552 remedia,
1609 1514 1752 1557 appella-

1004 1565 1089 1596 tione
1098 1565 1286 1607 postposita,
1300 1565 1547 1608 coinpescendo;
1559 1566 1752 1609 aclegitimis

1004 1629 1101 1660 super
1121 1618 1171 1651 liis
1191 1618 1346 1650 habendis
1366 1619 1496 1651 servatis
1526 1619 1729 1662 processibus
1742 1647 1749 1658 ,

1004 1682 1136 1714 poenas,
1149 1673 1321 1705 sententias
1341 1683 1376 1704 ac
1392 1683 1544 1705 censuras
1560 1673 1750 1715 praedictas,

1004 1725 1098 1757 ctiam
1113 1725 1233 1758 iteratis
1246 1726 1367 1758 vicibus
1378 1726 1590 1768 aggravando,
1609 1726 1751 1759 invocato

1004 1788 1059 1810 seu
1075 1778 1217 1811 adhibito
1234 1778 1328 1811 etiam
1349 1779 1388 1811 ad
1409 1779 1481 1819 boc,
1502 1779 1528 1811 si
1544 1790 1625 1822 opus
1643 1780 1748 1819 suerit,

1004 1831 1123 1864 auxilio
1143 1832 1266 1864 brar-bii
1287 1833 1471 1865 saecularis.

1047 1886 1061 1927 ξ
1081 1885 1133 1917 21.
1157 1886 1225 1918 Non
1249 1886 1448 1918 obstantibus
1470 1885 1751 1918 constitutionibus

1003 1944 1033 1971 ct
1064 1939 1319 1971 ordinationibus
1349 1950 1385 1971 ac
1414 1938 1526 1971 litteris
1553 1938 1747 1982 apostolicis,

1003 1992 1098 2024 etiam
1120 1993 1249 2031 nostris,
1272 1993 1412 2035 desuper
1431 1991 1602 2030 emanatis,
1624 2001 1750 2024 necnon

1004 2044 1154 2077 omnibus
1174 2045 1248 2085 illis,
1271 2056 1352 2088 quae
1374 2045 1457 2077 idem
1474 2045 1548 2076 Pius
1564 2044 1751 2087 praedeces—

1003 2108 1055 2129 sor
1084 2098 1116 2129 in
1141 2098 1233 2130 dictis
1258 2098 1323 2130 suis
1346 2098 1459 2130 litteris
1478 2098 1578 2130 voluit
1602 2108 1667 2130 non
1692 2098 1749 2130 ob-

1003 2157 1104 2189 stare,
1133 2151 1311 2194 ceterisque
1344 2150 1512 2183 contrariis
1537 2151 1749 2193 quibuscum-

1003 2214 1076 2246 que.
1088 2204 1200 2235 Datum
1212 2204 1329 2236 Romae
1338 2203 1421 2246 apud
1432 2203 1463 2235 S.
1475 2203 1617 2243 Petrum,
1628 2204 1687 2236 suh
1697 2215 1749 2236 an-

1003 2258 1080 2289 nulo
1102 2256 1281 2295 piscatoris,
1297 2256 1347 2288 die
1369 2266 1386 2287 v
1399 2256 1508 2300 aprilis
1519 2266 1659 2296 iianvu,
1673 2268 1751 2300 pon—

1002 2309 1140 2342 tificatus
1160 2309 1260 2341 nestri
1280 2319 1363 2340 anno
1383 2318 1415 2340 11.
1430 2308 1544 2341 Caesar
1560 2309 1747 2342 (ilorieriuS.

1047 2362 1124 2405 ξὲὶ.
1144 2363 1221 2394 Cum
1239 2367 1345 2393 autem
1358 2361 1449 2408 nobis
1463 2372 1578 2406 nuper,
1590 2374 1648 2406 pro
1661 2368 1749 2406 parte

1002 2416 1162 2448 dictorum
1182 2414 1413 2455 Hebraeorum,
1435 2415 1631 2453 Turenrum,
1653 2415 1750 2449 Grae-

210 2458 402 2491 venerabilis
422 2459 526 2492 fratris
550 2459 692 2503 episcopi
718 2462 908 2495 Anconitani
929 2463 961 2495 in
979 2453 982 2513 ᾗ
1003 2475 1115 2496 eorum
1151 2469 1181 2495 et
1214 2469 1429 2496 nwrcatorum
1462 2464 1555 2496 suerit
1587 2464 1751 2497 humiliter

212 2505 434 2550 spiritualibus
453 2508 612 2549 generali,
634 2519 721 2542 nunc
745 2515 776 2554 et
800 2522 859 2553 pro
881 2517 961 2543 tem-
979 2516 982 2557 t
1002 2513 1217 2556 supplicatum
1238 2517 1273 2544 ut
1293 2511 1507 2554 praeinsertas
1531 2513 1663 2553 litteras,
1691 2524 1749 2557 pro

212 2565 292 2599 pore
307 2555 527 2596 existentibus,
545 2567 603 2599 per
616 2563 800 2600 praesentes
815 2559 961 2591 commit-
979 2559 982 2571 ¹

1003 2561 1129 2593 illarum
1152 2560 1265 2593 maiori
1288 2560 1447 2594 validitate
1474 2566 1504 2594 et
1528 2562 1746 2602 observantia,

213 2604 310 2636 timus
325 2609 356 2636 et
370 2605 557 2637 mandamus
571 2610 728 2648 quatenus
745 2606 805 2650 ipsi
829 2607 876 2641 vel
897 2608 960 2641 duo
978 2621 983 2658 g
1002 2610 1192 2653 approbare,
1215 2609 1357 2651 aliasque
1378 2610 1408 2642 in
1430 2610 1613 2654 praemissis
1633 2621 1747 2654 oppos<

1772 240 1818 258 nn.
1839 231 1866 257 C.
1887 231 1954 258 157:

1774 1891 1886 1913 Dei-ocante
1897 1897 1938 1914 eon

1766 1923 1886 1943 {rariorum-

1813 2369 1947 2390 Confirmatio

1765 2400 1865 2419 dictarum
1892 2398 1949 2420 litte·

1765 2435 1841 2449 rarum.
